1773 3066
567 166 657 203 156.
688 163 862 216 Pallopt
870 176 957 202 era.
1331 164 1439 202 2277

178 273 258 314 sito,
285 284 348 306 nec
373 279 451 304 ante
476 274 569 304 illius
595 275 727 314 apicem
753 274 870 309 ducto,
897 283 976 302 vere
1003 270 1038 308 &J
1064 272 1295 303 essentialiter
1312 272 1438 302 dill'ert.

178 340 340 369 Antennae
363 339 494 373 breves,
521 337 685 372 rotundae,
713 336 953 372 fulvescentes,
979 341 1053 366 seta
1078 337 1169 366 nuda
1195 337 1302 365 fusca.
1338 334 1441 364 Oculi

183 401 369 432 minusculi
393 401 546 430 rotundi.
573 399 927 430 Proboseistestacea.
954 399 1147 429 Scutellum
1161 398 1440 438 pallidetlavuin,

178 465 449 495 subconvexum.
483 463 671 494 Oviductus
698 462 722 499 ῼ
748 462 783 490 in
807 461 922 491 medio
949 463 1131 500 nigricans.
1158 462 1301 491 Alaruin
1327 470 1439 490 macu-

176 528 211 558 la
236 527 375 557 costalis
400 527 495 556 fusca
529 527 571 556 ad
609 526 739 555 exitum
764 534 948 554 nervorum
973 526 1153 554 auxiliaris
1181 523 1217 561 ἐς
1242 524 1440 554 secundarii

177 591 385 626 minuscula,
412 591 500 620 intra
524 590 640 629 apices
667 589 792 617 horum
817 597 1001 616 nervorum
1027 597 1178 624 manens,
1206 597 1270 616 nec
1295 587 1339 617 ad
1364 597 1439 616 ner-

179 664 258 683 vum
282 653 450 691 longitud.
476 653 599 682 &tium
625 651 850 681 descendens·
891 651 995 680 Nervi
1021 651 1205 680 transversi
1229 651 1367 681 modice
1394 651 1439 680 la-

175 721 207 747 te
233 717 368 753 remoti,
393 716 519 745 horum
542 715 678 745 medius
705 714 884 744 fuscedine
910 714 1076 743 dilutiore
1097 712 1229 752 (tamen
1246 712 1443 752 perspicua)

179 781 324 815 cinctus,
350 790 368 809 a
393 779 530 809 macula
555 779 677 809 costali
703 779 859 816 opposita
887 781 1003 816 aperte
1030 777 1168 814 longius
1195 786 1296 814 quam
1321 777 1357 806 in
1374 778 1440 815 pri-

178 843 231 872 ori
266 843 412 879 distan53
447 843 642 872 ordinarius
681 841 861 871 fuscedine
886 841 1031 876 latiore,
1065 840 1227 878 utrinque
1261 840 1381 878 aequali
1408 837 1444 875 ὃς·

179 906 388 934 saturatiore
422 906 566 935 cinctus·
617 905 756 936 Macula
797 904 936 942 apicalis
963 904 1175 941 nigro-fusca
1200 908 1239 933 ut
1262 903 1297 932 in
1322 912 1442 941 praece-

179 967 282 996 dente
307 967 421 997 locata
447 965 482 1004 &⁸
511 973 653 997 extensa
670 990 678 1004 ‚
705 968 765 997 sed
790 969 882 996 intus
908 967 1082 1005 ina-qualis
1109 967 1141 996 li.
1169 977 1198 996 e.
1225 967 1340 1005 apices
1366 976 1442 994 ner—

178 1040 299 1059 vorum
325 1030 417 1069 long.
444 1032 476 1067 2,
502 1031 521 1060 3
549 1029 584 1067 ὃς
608 1031 630 1060 4
655 1031 847 1060 distinctius
873 1030 1092 1059 obumbrans.
1128 1030 1236 1058 Pedes
1261 1028 1349 1064 ssavi,
1377 1032 1441 1057 tar-

180 1103 297 1123 sorum
331 1093 486 1122 articulis
520 1094 539 1122 3
575 1094 705 1123 ultimis
739 1094 774 1122 in
807 1093 985 1122 individuo
1020 1093 1166 1123 Scanico
1201 1092 1312 1121 dilute
1338 1091 1442 1121 fuscis

180 1155 241 1196 (an
267 1166 286 1185 e
312 1155 537 1196 vetustatef),
564 1157 597 1186 in
622 1158 755 1187 Danico
782 1157 1040 1195 nigricantibus.
1089 1155 1239 1193 Reliqua
1265 1155 1379 1183 omnia
1405 1159 1442 1183 ut

180 1220 216 1249 in
241 1219 480 1249 antecedente.

139 1290 224 1325 Οὐδ.
274 1293 362 1323 Clar.
409 1288 557 1331 Meigen
590 1290 613 1318 l.
647 1299 677 1318 c.
717 1294 903 1327 utrumque
928 1297 1050 1317 sexum
1076 1287 1161 1316 vidit
1188 1283 1223 1320 ὃς
1249 1287 1442 1327 descripsit.

179 1356 269 1386 Mihi
296 1365 377 1385 vero
405 1352 437 1386 ὅ
460 1354 612 1392 ignotus.
637 1352 690 1382 De
715 1353 897 1382 identitate
922 1355 1040 1380 nostra
1067 1348 1103 1386 ὃς
1127 1349 1348 1389 Meigeniana
1368 1361 1442 1390 spe—

178 1420 231 1449 cie
265 1419 381 1448 nullus
416 1416 557 1453 dubito,
590 1415 673 1445 licet
706 1415 755 1445 Cl.
790 1416 921 1444 Auctor
952 1414 1056 1453 pedes
1092 1418 1182 1443 totos
1217 1414 1322 1444 flavos
1349 1413 1444 1453 (die

178 1483 288 1513 Beine
314 1490 397 1521 ganz
424 1478 538 1520 gelb'')
564 1477 796 1516 descripserit.

204 1588 243 1623 6.
275 1584 320 1622 P.
349 1583 571 1624 ambusta:
603 1583 959 1634 ferrugineo-flava
992 1581 1131 1626 nitida,
1166 1582 1341 1620 thoracis
1375 1585 1447 1620 vit-

91 1662 140 1698 tis
169 1657 396 1697 dorsalibus
432 1659 685 1710 subqvatuor
725 1656 1031 1705 abdominisque
1074 1654 1203 1692 medio
1245 1654 1447 1693 brunneo-

90 1734 235 1783 nigris;
281 1731 355 1769 alis
397 1731 754 1782 albido-hyaliniS‚
802 1729 949 1767 lineola
996 1726 1275 1778 stigmaticali‚
1322 1740 1448 1765 nervo

92 1811 323 1844 transverso
355 1804 583 1850 ordinario,
631 1806 827 1854 apiceque
857 1803 1079 1846 arcuatim,
1125 1801 1270 1853 suscis3
1317 1804 1450 1840 nervis

91 1879 331 1918 transversis
362 1877 515 1916 modice
547 1880 732 1924 remotis,
765 1876 906 1914 horum
941 1874 1072 1913 medio
1106 1886 1196 1913 mox
1230 1886 1333 1924 pone
1363 1877 1448 1925 api-

90 1965 175 1991 cem
217 1950 426 1990 auxiliaris
471 1953 646 2000 insert03
693 1956 778 1989 seta
824 1955 1092 1988 antennarum
1137 1947 1334 1986 subnuda.
1364 1945 1449 2000 (ζᾩ.

91 2024 235 2076 (Long.
270 2024 318 2076 Ιὲ
351 2023 455 2070 lin.).

209 2099 310 2136 Zott.
353 2097 430 2137 lus.
473 2096 596 2147 Lapp.
635 2096 728 2133 750.
756 2098 792 2134 3.
823 2091 866 2146 SR.
899 2091 1161 2145 Sapromyza
1190 2092 1309 2144 Meig.
1341 2093 1449 2145 Dipt.

91 2175 128 2210 5.
156 2173 249 2210 268.
279 2173 344 2209 23.
375 2167 457 2222 353.

209 2244 312 2284 Hah.
355 2246 395 2282 in
439 2242 704 2281 Scandinavia
752 2241 869 2281 valde
918 2254 1032 2284 rara:
1084 2241 1230 2286 feunina
1278 2246 1318 2282 in
1358 2243 1450 2295 alpe

93 2317 240 2356 Dowre
272 2329 405 2356 mense
435 2316 514 2355 Jul.
544 2330 563 2355 a
596 2316 640 2354 D.
673 2313 887 2355 Bohemcm
919 2316 1094 2353 inventa.

141 2432 178 2468 Q·
229 2434 256 2462 Α
283 2433 416 2465 duabus
451 2436 609 2475 proxime
642 2432 932 2474 praecedentibus,
967 2432 1089 2469 quibus
1116 2431 1228 2460 affinis
1255 2430 1291 2466 ὥς*
1316 2431 1448 2467 similis,

186 2503 246 2531 Pel·
271 2496 418 2528 illoracis
445 2498 705 2536 abdominisque
732 2497 911 2535 picturam,
939 2498 974 2524 ut
1006 2491 1040 2530 ὃς
1060 2504 1200 2524 nervum
1222 2498 1449 2523 transversum
