1773 3066
354 184 466 222 2⁴10
800 179 893 216 166.
929 173 1216 230 Scatopkaga.

353 289 490 343 graph.
519 285 704 337 Scatoph.
736 289 827 326 186.
861 290 922 326 15.
951 284 1000 338 J.
1033 285 1155 325 Psilu
1185 286 1302 338 Moig.
1331 285 1437 338 Dipt.
1466 290 1502 326 5.
1533 291 1624 331 360.
1651 296 1702 332 13

347 360 590 414 (secuudum
621 359 931 412 descriptionem
963 359 1117 399 Falleni
1151 362 1442 411 transscripta).

468 434 569 472 Hab.
599 436 639 471 in
668 433 809 473 Svecia
844 435 1097 476 meridionali
1129 433 1167 471 ἀ
1199 433 1326 472 media
1358 437 1582 482 rarissime3
1623 436 1704 475 duo

353 512 507 546 tantum
538 507 741 545 individua
777 513 946 559 utraque
981 508 1154 548 mascula
1187 508 1381 554 lustravi,
1426 521 1548 548 unum
1581 511 1620 548 in
1651 508 1705 548 Ο-

350 583 585 633 strogothia,
615 580 654 618 ά
684 581 859 620 alterum
891 585 929 621 in
958 582 1097 622 Scania
1131 595 1152 620 a
1184 593 1246 619 me
1277 586 1370 621 ante
1402 579 1540 632 plures
1577 595 1703 622 annos

353 655 532 693 inventa.

398 809 441 844 d.
490 810 556 839 Per
578 808 847 847 magnitudinem
872 807 907 836 iu
931 808 998 837 hoc
1023 807 1375 844 genereminimam,
1409 813 1511 846 caput
1537 819 1619 840 cum
1645 821 1702 840 an-

444 873 556 903 tennis
583 869 618 907 &¹
642 873 746 911 pedes
773 877 863 901 totos
889 871 1019 911 pallide
1045 871 1141 904 (lava,
1168 876 1275 900 setam
1299 872 1522 911 mystacinam
1540 875 1703 913 utrinque

446 941 646 975 praesentem
670 937 754 965 licet
778 936 875 965 valde
903 936 1074 972 exiguam,
1101 944 1222 964 nervos
1250 939 1458 963 transversos
1484 946 1552 965 non
1578 937 1703 966 latissi-

439 1010 494 1029 me
520 1000 702 1036 distantes,
729 1000 790 1029 sed
815 999 972 1028 nonnihil
996 999 1269 1042 approximatOS,
1297 1002 1333 1027 ut
1360 996 1395 1035 ὃς
1420 1002 1486 1028 tres
1514 1000 1703 1037 longitudi-

444 1064 538 1092 nales
565 1063 607 1092 ad
632 1064 761 1101 apicem
786 1063 965 1092 fuscedine
990 1062 1139 1096 cinctos,
1166 1062 1206 1090 al»
1233 1048 1390 1091 omnibus
1417 1063 1702 1093 antecedentibus

449 1127 584 1156 abunde
611 1122 761 1163 dignota.
795 1126 900 1155 Forte
927 1135 1052 1154 novum
1084 1135 1189 1163 genus
1218 1123 1496 1166 Geomyzidt'bus
1521 1136 1589 1154 non
1614 1126 1704 1156 male

445 1189 710 1229 subjiciendum.
737 1190 885 1225 Interea,
914 1186 948 1224 ὃς
974 1189 1016 1218 de
1041 1189 1118 1217 loco
1145 1198 1225 1218 vero
1252 1198 1312 1226 pro
1338 1188 1448 1217 forma
1474 1189 1616 1228 ancipiti
1642 1189 1704 1218 du-

431 1252 533 1289 ¹bius,
559 1254 771 1291 aptissimum
799 1250 1066 1293 Scutvpltagoe,
1094 1262 1171 1281 cum
1198 1262 1264 1290 qua
1290 1261 1393 1280 nervo
1420 1251 1583 1281 auxiliari
1609 1252 1703 1281 brevi

446 1316 678 1354 subsiinplici‚
712 1320 884 1343 structura
921 1316 1041 1352 capitis
1076 1320 1219 1352 totoque
1252 1315 1370 1343 habitu
1407 1316 1587 1352 convenit,
1618 1315 1707 1344 hanc

448 1380 598 1419 speciem
622 1378 797 1408 inserendi
823 1378 949 1416 putavi.
977 1378 1084 1416 Caput
1110 1378 1237 1415 pallide
1262 1377 1399 1413 ssavum,
1425 1381 1552 1415 puncto
1574 1377 1705 1406 ocello-

446 1453 524 1473 rum
551 1439 585 1477 &
611 1442 757 1480 occipite
782 1441 1038 1478 nigricantibus.
1088 1440 1214 1471 Setnlae
1238 1441 1376 1469 verticis
1401 1440 1547 1479 pallidae.
1594 1440 1704 1470 Frons

448 1515 568 1545 parum
594 1504 801 1543 prominula.
850 1504 1013 1532 Antennae
1041 1503 1180 1538 breves,
1213 1503 1422 1538 rotundatae,
1449 1502 1578 1541 pallide
1603 1503 1705 1540 ssavae,

447 1575 520 1599 seta
546 1568 753 1603 concolore‚
788 1568 843 1595 vix
876 1566 941 1595 nisi
974 1566 1076 1594 nuda.
1123 1566 1298 1603 Epistuma
1323 1565 1414 1594 infra
1439 1565 1560 1594 oculos
1586 1567 1703 1604 paullo

449 1632 684 1668 descendens,
718 1631 868 1665 declive,
911 1633 984 1658 seta
1016 1629 1177 1666 utrinque
1210 1629 1398 1669 mystacina
1432 1628 1530 1657 valde
1567 1630 1704 1667 exigua,

446 1697 587 1737 pallida.
613 1695 793 1725 Proboscis
821 1690 855 1728 &Q
880 1693 971 1732 pnlpi
996 1696 1154 1721 retracta.
1182 1692 1285 1722 Oculi
1310 1692 1516 1728 mediocres,
1542 1692 1705 1722 rotunda-

448 1761 484 1790 ti.
511 1760 658 1794 Thorax,
685 1757 870 1787 scutellum
896 1755 931 1793 ὃς
956 1756 1127 1785 abdomen
1151 1760 1333 1793 angustum
1351 1755 1630 1792 subdepressum,
1656 1755 1706 1785 ni-

447 1824 612 1862 gricanti‘a
638 1818 811 1851 subnitida
837 1831 956 1860 parum
981 1820 1161 1859 puluerula,
1186 1820 1253 1848 hoc
1278 1823 1337 1848 aut
1361 1818 1621 1847 immaculatum
1647 1823 1707 1847 aut

445 1889 526 1917 vitta
554 1887 667 1915 media
691 1885 820 1914 dol-sali
854 1884 1048 1913 abbreviata
1073 1888 1233 1912 testacea.
1261 1882 1454 1913 Scutellum
1480 1881 1514 1910 ni
1540 1881 1643 1910 fallor
1667 1879 1703 1909 4-

446 1956 610 1981 setosuin.
636 1952 730 1979 Anus
756 1950 910 1977 obtusus.
939 1947 1053 1976 cauda
1079 1947 1276 1976 brevissima
1302 1944 1504 1979 samnitem,
1530 1945 1567 1973 in
1593 1944 1703 1973 altero

448 2014 607 2053 exemplo
633 2013 772 2052 pallida.
820 2013 948 2041 Venter
973 2011 1044 2040 basi
1070 2011 1231 2049 pallidus.
1281 2009 1349 2038 Alae
1374 2007 1558 2037 abdomine
1583 2016 1704 2046 parum

446 2078 641 2115 longiores,
668 2077 875 2111 latiusculae,
903 2076 998 2113 apice
1022 2074 1225 2104 rotundatae.
1273 2073 1397 2102 Nervi:
1433 2070 1610 2107 auxiliaris
1636 2079 1705 2098 non

446 2141 489 2169 ad
513 2142 667 2170 medium
692 2145 790 2181 costae
816 2144 989 2174 extensus,
1016 2138 1228 2180 subsimplex
1254 2135 1474 2175 (secundario
1502 2143 1624 2171 nempe
1647 2133 1705 2161 vix

446 2204 520 2232 ullo
546 2204 569 2232 l.
597 2202 740 2243 spurio)3
768 2203 1035 2240 longitudinales
1063 2211 1180 2230 omnes
1206 2201 1302 2235 recti,
1329 2199 1453 2227 hurum
1478 2198 1497 2225 3
1526 2193 1561 2232 ὃς·
1585 2195 1606 2224 4
1631 2205 1703 2224 ver-

447 2277 502 2296 sus
529 2268 661 2305 apicem
687 2267 804 2304 paullo
832 2266 1064 2303 divergentes3
1093 2264 1275 2293 transversi
1301 2259 1618 2301 perpendiculares,
1642 2258 1704 2286 ho-

404 2352 409 2353 r
447 2341 524 2360 rum
549 2330 743 2359 ordinarius
769 2328 927 2357 nonnihil
952 2332 1030 2356 ante
1061 2327 1216 2355 medium
1249 2334 1334 2353 areae
1368 2324 1535 2356 insertus,
1568 2321 1703 2349 medius

454 2395 540 2432 apici
566 2394 589 2423 l.
615 2402 695 2422 mox
720 2402 809 2430 pone
835 2391 968 2428 apicem
994 2390 1170 2418 auxiliaris
1198 2387 1387 2425 oppositus.
1422 2385 1575 2422 Squamae
1599 2393 1704 2422 parvae

450 2454 485 2492 ὃς
510 2457 658 2486 halteres
684 2455 809 2484 albida.
836 2453 943 2482 Pedes
970 2452 1140 2491 simplices
1167 2444 1387 2484 breviusculi,
1416 2448 1479 2476 toti
1504 2457 1582 2475 cum
1607 2446 1702 2475 coxis

398 2507 401 2514 Ι
450 2520 578 2560 pallide
588 2520 675 2556 ssavi,
690 2518 821 2554 mutici,
834 2516 983 2547 tenuiter
993 2502 1122 2554 pallide
1134 2514 1349 2554 puberuli.—-
1363 2513 1415 2542 An
1425 2520 1496 2540 mas
1508 2508 1702 2548 sequentis?
