1773 3066
341 170 451 211 2244
845 152 940 200 1545
965 158 1195 212 Teplcritis.

343 283 436 322 lebo
467 276 506 316 ἀ·
535 272 750 319 Rutunda,
784 272 828 311 D.
857 267 1029 318 Fauen,
1060 266 1099 306 &a
1129 268 1176 307 ad
1208 268 1428 318 Hssgestad,
1460 269 1503 308 D.
1533 264 1699 308 Suade-

341 353 467 398 wall,·
509 352 548 388 in
588 345 846 396 Ostrogothia
888 345 935 384 ad
976 343 1203 393 Larketorp
1245 344 1304 387 (in
1347 341 1479 388 vicia)
1524 344 1578 379 2⁸1
1619 340 1697 379 lul.

345 427 482 482 1815„
503 424 609 473 ipsc;
644 422 681 458 in
715 419 838 458 Dania
872 420 1087 457 rarissimo.
1148 424 1151 425 ’
1516 432 1519 433 ⁷

390 598 463 638 ὄρ.
514 596 712 637 Specimina
737 593 759 623 4
783 594 914 624 mascul
968 590 1002 628 ὃς
1027 593 1047 621 6
1074 590 1223 620 feminea
1248 589 1391 619 lustravi
1416 588 1603 619 simillima.
1637 590 1698 620 Ca-

435 666 497 702 put
522 661 722 694 albescens,
747 658 862 688 fronte
887 657 956 692 lata
980 654 1110 694 pallide
1134 653 1241 689 flava,
1268 653 1351 682 setis
1375 652 1578 682 lateralibus
1603 651 1701 688 albis,

431 723 576 764 posticis
603 720 652 761 (in
677 722 807 751 vertice
835 717 870 756 &Q
894 724 1023 760 puncto
1050 714 1286 756 stemmatum)
1311 717 1428 755 nigris.
1470 716 1594 745 Orbitae
1619 719 1700 744 ocu-

431 788 548 817 lorum
575 790 758 815 ovatorum
784 784 877 813 albae.
927 783 1095 812 Antennae‘
1114 789 1192 809 cum
1218 783 1291 824 seta
1315 779 1409 809 nuda
1432 779 1575 809 ssavidae.
1622 778 1702 817 Epi·

437 854 549 880 stoma
584 846 884 881 subdescendens,
920 845 1017 884 apice
1050 842 1209 873 nonnihil
1234 842 1421 880 reflexum,
1446 841 1701 875 inferne.albo-

433 913 599 952 pilosum.
648 910 745 948 Palpi
779 909 995 944 subexserti,
1028 906 1227 956 latiusculi,
1259 905 1401 945 pallidi,
1443 904 1700 935 albitlo-ciliati.

435 973 851 1015 Pruboscissubexscrta
879 972 1051 1010 elongata,
1077 969 1320 1006 crassiuscula,
1346 979 1432 1008 saepe
1457 969 1563 998 fusca.
1612 967 1702 997 Tho-

436 1047 500 1068 rax
535 1037 860 1076 glauco-cinereus,
896 1036 978 1065 setis
1012 1033 1196 1064 ordinariis
1222 1033 1343 1062 validis
1369 1032 1486 1071 nigris.
1534 1031 1574 1060 In
1599 1031 1702 1060 ‹lorso

432 1105 559 1140 puncta
591 1110 653 1140 pro
695 1100 888 1129 insertione
929 1092 1080 1127 seiarum
1120 1097 1216 1134 nigra
1248 1096 1494 1134 quadrifariam
1526 1094 1703 1134 disposita,

439 1172 590 1202 quorum
624 1163 659 1192 in
693 1163 837 1201 singulis
874 1162 1030 1191 seriebus
1064 1158 1267 1189 lateralibus
1302 1159 1386 1195 tria,
1419 1158 1481 1187 sed
1511 1158 1548 1187 in
1578 1156 1704 1187 mediis

440 1232 572 1257 tantum
599 1226 667 1255 duo
695 1224 785 1264 (nec,
812 1230 849 1254 ut
881 1222 1028 1264 Meigen
1057 1221 1091 1258 ὃς
1119 1219 1315 1262 Mac-quart
1340 1222 1551 1257 attulerunt,
1575 1221 1611 1250 in
1636 1221 1703 1250 sin-

437 1290 518 1328 gula
542 1289 634 1317 serie
662 1287 753 1327 tria).
780 1288 973 1318 Scutellum
1000 1287 1177 1321 concolor,
1204 1295 1338 1315 summo
1365 1286 1462 1325 apice
1488 1294 1572 1323 saepe
1596 1284 1702 1323 palle-

438 1356 569 1382 scente.
597 1351 639 1380 In
664 1352 818 1389 margine
845 1351 968 1379 adsunt
994 1353 1071 1377 setae
1095 1347 1116 1376 4
1142 1348 1332 1384 ordinariae,
1362 1357 1508 1386 quarum
1534 1348 1554 1376 2
1579 1347 1702 1375 latera-

434 1417 487 1446 les
513 1415 631 1445 validze
656 1415 757 1452 nigrae
784 1424 802 1442 e
828 1418 955 1452 puncto
984 1409 1141 1450 ejusdem
1169 1410 1296 1440 coloris
1330 1413 1528 1447 surgentes,
1623 1410 1644 1438 2
1669 1419 1702 1439 a·

435 1478 566 1518 picales
592 1479 743 1507 minores
770 1477 905 1516 pallidae
930 1476 972 1504 ad
1007 1475 1103 1503 basin
1127 1475 1354 1512 impunctatae.
1402 1473 1582 1502 Abdomen
1608 1473 1703 1510 glau-

438 1542 689 1576 co-cinereum,
717 1539 1058 1578 alludo-pubescens,
1084 1538 1217 1575 postice
1242 1536 1284 1565 ad
1308 1536 1418 1564 latera
1430 1536 1549 1564 setulis
1567 1535 1704 1571 albidis,

440 1602 476 1640 ὃς
501 1608 677 1642 segmento
713 1603 833 1631 ultimo
869 1602 950 1630 setis
985 1600 1119 1638 aliquot
1144 1599 1248 1637 nigris
1273 1599 1500 1635 instructum3
1538 1598 1575 1627 in
1600 1597 1704 1626 ‹lorso
1725 1620 1733 1623 ,

437 1668 545 1697 series
571 1676 692 1696 revera
717 1664 739 1694 4
763 1669 971 1703 punctorum
996 1663 1311 1701 fusco-nigrorum,
1345 1661 1407 1691 sed
1429 1661 1556 1690 horum
1581 1660 1703 1690 latera-

438 1731 487 1760 lia
512 1739 614 1769 parva
639 1730 700 1759 sub
726 1729 880 1765 margine
906 1726 1033 1756 inflexo
1061 1725 1111 1765 (in
1137 1722 1332 1764 exsiccatis)
1358 1724 1560 1754 abscondita
1584 1733 1704 1762 parum
1721 1728 1729 1733 “

377 1793 389 1794 ’
441 1795 640 1833 conspicua,
666 1792 782 1821 media
806 1791 1007 1826 inanisesta;
1034 1793 1248 1827 segmentum
1274 1789 1406 1817 1:mum
1430 1787 1703 1816 immaculatum.

443 1858 634 1888 Oviductus
669 1857 693 1893 ῼ
728 1854 946 1892 longitudine
981 1853 1053 1882 sere
1087 1856 1344 1891 segmentorum
1376 1851 1396 1879 3
1429 1850 1635 1879 ultimorum
1661 1850 1705 1878 si-

439 1921 512 1951 mul
537 1925 741 1954 sumturum,
767 1917 974 1947 latiusculus
1001 1916 1121 1954 planus
1150 1915 1246 1953 niger
1271 1915 1410 1944 nitidus.
1444 1914 1513 1943 Alae
1539 1913 1703 1942 latiuscu-

439 1985 478 2015 1ae
503 1985 790 2023 nigro-lnrunneae,
816 1980 968 2018 margine
995 1980 1087 2008 omni
1113 1979 1250 2018 punctis
1277 1976 1476 2017 (praesertim
1502 1973 1705 2014 costalibus)

440 2047 703 2086 subquadratis,
740 2042 774 2080 ὃς
808 2044 902 2072 disco
939 2047 1012 2072 toto
1046 2040 1182 2082 punctis
1209 2042 1402 2071 numerosis
1428 2037 1617 2078 majoribus
1643 2039 1704 2067 mi-

446 2112 658 2149 noribusque
683 2108 841 2139 rotundis
868 2111 919 2136 sat
950 2106 1188 2143 regularibus,
1223 2105 1320 2134 albis.
1368 2105 1419 2133 Ex
1443 2103 1495 2132 his
1522 2111 1704 2131 numeran-

444 2178 523 2203 tur:
558 2175 593 2203 in
618 2172 804 2203 interstitio
834 2179 1016 2199 nervorum
1041 2169 1162 2207 longit.
1188 2169 1207 2197 3
1236 2165 1270 2202 &J
1294 2166 1316 2195 4
1339 2166 1460 2195 saltem
1485 2164 1504 2193 7
1531 2162 1629 2203 (saepe
1649 2173 1704 2193 us-

448 2246 516 2274 que
540 2236 583 2265 ad
608 2234 685 2274 12),
721 2243 868 2272 quorum
895 2234 914 2262 2
940 2238 1017 2262 ante
1042 2237 1207 2271 punctum
1232 2231 1335 2268 apicis
1362 2234 1575 2265 transversa3
1611 2225 1646 2263 b<
1669 2227 1707 2256 in

447 2299 634 2334 interstitio
657 2306 841 2326 nervorum
866 2294 887 2323 4
913 2292 948 2329 ἐς
973 2296 992 2326 5
1017 2305 1108 2334 pone
1136 2299 1368 2323 transversum
1394 2291 1608 2320 ordinarium
1632 2290 1705 2330 ple-

448 2370 594 2399 rumque
619 2361 651 2389 6.
677 2359 745 2388 Alae
770 2358 841 2387 basi
868 2361 1020 2394 anguste,
1049 2354 1083 2392 &⁸
1107 2357 1259 2394 margine
1285 2355 1445 2384 interiori
1471 2354 1543 2383 fere
1569 2354 1610 2383 ad
1634 2362 1705 2382 me-

449 2425 556 2460 (lium,
582 2409 872 2462 albo-pellucidae,
899 2420 1032 2459 punctis
1060 2424 1189 2456 tantum
1215 2419 1430 2458 paucissimis
1455 2417 1705 2455 irregularibus

445 2488 550 2517 fuscis
576 2489 712 2516 ornatae.
736 2483 879 2522 Spiuula
904 2488 1005 2512 costae
1031 2493 1143 2521 parva.
1190 2483 1350 2512 Halteres
1378 2479 1413 2517 &C
1437 2489 1584 2519 squamae
1610 2479 1701 2508 alba.

1727 0 1773 44 περὶ
