1773 3066
338 208 447 246 2312
816 208 908 245 159.
940 202 1212 259 Sapromyza.

455 318 491 354 1.
522 310 565 352 S.
595 312 962 365 multilnmctata:
993 315 1117 363 flava,
1148 316 1223 355 alis
1254 316 1580 368 pallescentibus,
1609 331 1690 358 ma-

336 389 439 430 culis
467 385 608 427 costali
640 386 688 424 ad
720 387 830 427 basin
848 390 979 436 unica,
1009 390 1385 440 apicalibustribus‚
1416 393 1550 430 nervis
1567 397 1691 430 trans-

339 464 486 508 versis,
532 462 773 512 punctisque
820 462 948 501 tribus
995 465 1032 502 in
1078 475 1204 501 nervo
1245 464 1524 516 longitudinali
1557 467 1691 512 tertio,

337 537 480 582 suscis3
514 536 731 573 interstitio
762 547 978 575 nervorum
1009 537 1194 589 langvide
1221 537 1427 577 nebuloso.
1455 535 1692 589 89·(L0¹³3·

340 608 502 662 Ιὲ--ΙΞ
533 605 640 654 lind}

453 680 552 720 Fan.
582 678 750 719 Ortalid.
780 683 844 720 30.
874 683 911 721 2.
941 677 987 733 ῼ.
1020 680 1262 734 Meig.Dipt.
1291 685 1327 721 5.
1357 683 1531 721 271.31.
1560 682 1690 735 Macq.

336 756 439 795 Buff.
468 757 507 794 2.
534 757 628 793 401.
658 755 723 792 24.

453 828 556 867 Hah.
595 829 634 866 in
680 827 816 867 herbis
846 828 885 867 (ξι
916 829 1115 868 fruticetis
1143 826 1419 869 Scandinaviae
1451 830 1691 870 meridiona-

335 900 386 940 lis
414 901 517 951 Aug.
547 899 656 951 Sept.
686 903 838 948 rarius3
877 902 1034 942 scilicet
1074 904 1112 941 in
1153 900 1293 940 Scania
1325 903 1374 941 ad
1405 903 1541 951 Lund,
1570 903 1614 942 D.
1645 904 1689 943 D.

335 971 547 1013 Dahlbom
578 972 619 1011 &a
648 986 730 1012 von
763 972 930 1023 Bora-k,-
961 978 999 1015 in
1033 974 1165 1014 [Ji—tica
1198 975 1326 1015 dioica
1360 977 1407 1015 ad
1439 976 1574 1016 villam
1607 991 1689 1017 mo-

336 1047 463 1086 larem
495 1047 660 1098 Kjellby
693 1059 819 1099 prope
851 1049 963 1088 Lund
1002 1052 1138 1088 6-12
1168 1049 1276 1099 Sept.
1308 1051 1415 1088 1838
1444 1053 1483 1089 in
1514 1058 1690 1103 utroque

336 1133 436 1160 sexu
467 1124 628 1173 copiose
661 1123 819 1169 inveni,
859 1136 947 1162 cam
981 1135 1079 1168 vero
1109 1123 1162 1162 ibi
1194 1135 1269 1162 nec
1299 1129 1414 1162 antea
1446 1137 1523 1164 nec
1552 1117 1698 1176 postea'

334 1193 571 1240 observavi3
612 1196 652 1232 in
694 1195 830 1235 Daniae
871 1197 998 1236 hortis
1037 1196 1077 1235 ἀ
1114 1198 1346 1248 sepimentis
1389 1199 1521 1253 rarius
1558 1190 1690 1251 capta.

333 1265 413 1312 (Ad
444 1266 634 1305 Sedinum
664 1268 887 1309 Germania}
927 1274 952 1309 8
988 1271 1078 1310 Jun.
1120 1273 1224 1309 1842
1255 1283 1275 1308 a
1308 1271 1352 1309 D.
1383 1268 1591 1313 Dalalbom
1622 1275 1691 1313 dc-

335 1339 565 1390 prehensa).

378 1457 451 1497 ὄᾭ.
500 1461 569 1491 Alae
592 1460 765 1491 nebulosae
792 1457 827 1496 ὃς
851 1459 1111 1499 pluripunctatae
1137 1463 1290 1501 speciem
1317 1464 1507 1503 designant.
1528 1464 1686 1496 -Frons

423 1523 602 1561 latissima,
627 1524 723 1559 flava,
750 1524 833 1567 setis
858 1524 975 1561 nigris.
1024 1526 1187 1554 Antennae
1212 1521 1429 1565 longitudine
1455 1529 1589 1558 dimidii
1616 1530 1686 1568 epi-

425 1588 601 1624 sumatis,
628 1587 762 1624 uvales,
791 1586 946 1623 dessexae,
971 1587 1083 1623 ssavae,
1110 1592 1182 1617 seta
1208 1589 1359 1619 breviter
1383 1591 1548 1630 plumata,
1575 1594 1687 1630 nigra,

428 1650 500 1679 basi
523 1651 621 1681 flava.
669 1652 846 1689 Epistoma
870 1650 960 1679 infra
984 1650 1105 1692 oculos
1131 1660 1253 1690 parum
1279 1652 1503 1690 descendens,
1531 1654 1687 1686 albo-mi-

425 1722 516 1743 cans.
542 1714 776 1744 Instrumenta
801 1713 931 1742 cibaria
956 1718 1116 1743 retracta.
1143 1715 1322 1744 Proboscis
1348 1715 1445 1746 flava.
1479 1718 1574 1757 Palpi
1599 1719 1686 1756 ssavi,

423 1786 559 1807 summo
585 1779 683 1817 apice
708 1782 835 1817 puncto
862 1777 972 1814 nigro.
1023 1776 1125 1806 Oculi
1149 1778 1363 1815 mediocres,
1396 1780 1620 1818 subrofflndi,
1653 1783 1690 1812 in

422 1841 497 1870 viva
521 1842 821 1880 rufo-ferruginei,
846 1841 1135 1876 aeneo-micantes,
1162 1842 1373 1872 unicolores.
1423 1844 1560 1873 Thorax
1586 1846 1687 1875 subo-

415 1914 531 1943 pacus,
559 1915 660 1944 supra
685 1905 899 1941 rufo-ssavus,
926 1905 1191 1942 nigro-setosus,
1217 1906 1361 1943 vestigio
1388 1907 1550 1937 striarum
1576 1908 1685 1938 ferru-

422 1968 612 2007 ginearum3
638 1969 726 1998 infra
752 1968 968 2005 albo-ssavus,
994 1969 1075 1998 setis
1100 1969 1230 2007 paucis.
1257 1969 1450 1999 Scutellum
1475 1970 1612 2008 ssavum,
1638 1973 1687 2002 ni-

423 2033 710 2072 gro-puberulum
744 2030 779 2069 ὃς
811 2042 915 2071 parce
950 2032 1249 2070 nigro-setosum„
1283 2033 1352 2062 Alae
1386 2034 1687 2072 cinereo-flavidae,

421 2097 565 2126 maculis
599 2106 661 2127 seu
695 2095 875 2125 nubeculis
908 2096 943 2124 in
982 2096 1177 2125 interstitiis
1212 2106 1397 2125 nervorum
1429 2099 1613 2135 praesertim
1646 2099 1689 2128 acl

422 2159 611 2196 marginem
635 2160 839 2190 interiorem
862 2159 963 2188 valde
988 2159 1169 2197 langvidis.
1211 2160 1278 2190 Sed
1304 2160 1339 2188 in
1364 2165 1459 2189 costa
1486 2160 1528 2189 ad
1554 2161 1688 2199 apicem

426 2221 522 2249 nervi
547 2223 726 2252 auxiliaris
753 2223 889 2252 macuta
915 2224 1038 2259 unica,
1074 2220 1109 2258 ὃς
1135 2223 1177 2252 ad
1203 2224 1336 2262 apicem
1361 2223 1417 2252 alae
1441 2222 1492 2263 (in
1516 2224 1589 2262 ipso
1616 2225 1689 2264 api-

424 2291 464 2311 ce
496 2293 681 2314 nervorum
716 2286 1027 2323 longitudinalium
1060 2286 1100 2322 2,
1133 2287 1152 2314 3
1187 2284 1223 2322 ὃς
1246 2286 1282 2325 4)
1308 2286 1448 2315 maculae
1474 2291 1541 2315 tres
1567 2287 1686 2316 distin-

424 2346 570 2383 otiores,
604 2348 718 2376 fuscae.
769 2348 872 2376 Nervi
900 2350 1081 2377 transversi
1106 2349 1272 2387 praecipue
1300 2349 1342 2377 ad
1368 2349 1481 2387 apices
1507 2349 1687 2379 fuscedine

427 2409 544 2439 cincti.
591 2411 761 2440 Praeterea
793 2411 826 2439 in
854 2420 958 2439 nervo
984 2411 1105 2448 longit.
1134 2412 1219 2440 3:110
1246 2412 1336 2440 inter
1361 2416 1590 2441 transversum
1615 2423 1686 2442 me-

427 2472 522 2501 dium
557 2470 592 2509 ὃς
624 2473 758 2516 apicem
790 2478 916 2512 puncta
950 2473 969 2505 3
1004 2474 1076 2504 fere
1109 2475 1222 2513 aeqvali
1258 2476 1367 2514 spatio
1401 2480 1553 2512 remota,
1580 2476 1685 2506 fusca.

423 2535 582 2567 Halteres
617 2533 652 2571 &C
687 2537 790 2575 pedes
817 2536 988 2576 simplices
1016 2539 1078 2568 toti
1104 2538 1232 2577 pallide
1257 2538 1353 2574 ssavi,
1387 2539 1574 2569 semoribus
1601 2540 1685 2568 anti-
