1773 3066
573 157 663 195 140.
696 154 936 210 Nole'phila.
1330 158 1434 196 1927

80 262 127 302 ad
157 261 390 309 Wadstena,
421 263 570 305 Gusum
599 265 841 318 &pluribus
870 267 959 306 aliis
989 265 1112 312 locis3
1144 267 1182 306 in
1201 267 1436 319 Westrogo-

80 336 182 383 thia3
214 338 252 376 in
283 337 476 388 Uplandia
508 343 555 378 ad
592 341 809 386 Holniian13
839 341 906 379 sod
940 343 1004 379 vix
1024 343 1063 378 in
1081 344 1299 391 provinciis
1315 344 1438 392 magis

81 410 312 450 borealibus
343 417 533 461 occurrit,
565 416 659 455 mihi
690 416 831 454 saltem
863 427 995 466 neque
1028 418 1066 453 in
1098 415 1281 463 Bouniis,
1307 426 1438 466 neque

80 486 120 524 in
152 485 364 537 Lapponiis
394 488 535 536 obvia;
582 491 619 527 in
663 489 787 528 Dama
833 488 934 540 Aug.
963 488 1002 527 ά
1031 490 1139 540 Sept.
1182 502 1259 528 non
1306 501 1438 540 parce,

79 560 124 598 Ι).
156 557 352 612 Slaeger.

396 602 405 618 Δ

130 651 202 692 ΕΞᾨ.
228 654 292 684 Per
317 664 440 693 corpus
465 654 656 689 robustum,
682 654 929 684 subvirescenti
954 664 1095 691 aeneum,
1115 655 1281 694 epistoma
1299 653 1438 683 sordide

173 718 334 753 albicans,
361 718 509 747 thoracis
534 718 642 747 lineas
667 718 686 747 3
713 728 867 757 cupreas,
900 718 1037 755 nitidas,
1071 719 1242 747 abdomen
1273 718 1437 747 latiuscu-

169 781 254 818 lum,
280 781 456 812 evidenter
480 782 937 821 sulii-ugolo-punctulatum,
963 782 1097 811 alarum
1122 791 1243 811 nervos
1270 786 1438 811 transver-

169 855 224 875 sos
248 846 467 882 remotiores,
492 846 616 875 horum
641 845 853 874 ordinarium
878 846 920 875 ad
936 846 1124 884 marginem
1141 846 1344 876 interiorem
1361 855 1441 884 pro-

171 910 249 948 pius
275 914 471 946 retractum,
499 906 534 945 R·
560 909 708 947 denique
733 913 841 938 tarsos
875 919 993 938 omnes
1025 909 1098 938 basi
1130 909 1199 938 late
1231 909 1440 939 ssavo-testa-

177 981 270 1007 ceos,
304 983 323 1001 a
355 973 578 1011 sequentibus
610 973 784 1002 uberrime
816 973 987 1002 distincta.
1015 991 1050 995 -
1079 973 1167 1002 Tota
1199 968 1234 1008 ἃ·
1267 981 1370 1010 supra
1403 968 1439 1008 ἐς·

169 1036 288 1064 subtus
313 1035 437 1072 nitens,
461 1046 563 1072 aenea,
590 1036 789 1072 glabricula.
829 1036 938 1066 Frons
962 1037 1044 1074 lata,
1070 1036 1286 1072 nitidissima,
1310 1036 1346 1065 in
1368 1045 1439 1065 me-

174 1098 231 1128 dio
258 1108 344 1137 saepe
369 1108 507 1137 cuprea,
532 1099 664 1137 postice
696 1109 797 1137 parce
829 1104 954 1129 setosa.
1002 1102 1165 1130 Antennae
1197 1100 1439 1138 subporrectae,

165 1163 268 1201 nigrae
302 1171 423 1202 opacae,
456 1161 602 1191 articulo
636 1161 758 1191 ultimo
792 1163 990 1200 rotundato,
1022 1164 1222 1192 brevissime
1253 1163 1439 1203 puberulo,

172 1230 245 1256 seta
270 1226 372 1262 nuda,
404 1226 440 1255 in
470 1226 586 1255 medio
618 1226 868 1265 microscopice
898 1238 1000 1266 parce
1032 1227 1214 1267 puberula.
1262 1227 1439 1265 Epistoma

170 1291 388 1325 latissimum,
421 1289 524 1318 sulcis
556 1289 756 1318 lateralibus
789 1300 936 1329 superne
971 1292 1263 1326 evanescentibus,
1303 1290 1438 1320 inferne

173 1354 363 1400 manifestis
389 1354 549 1389 arcuatis,
575 1358 792 1383 curvaturam
817 1355 1007 1385 orbitarum
1033 1356 1217 1385 oculorum
1241 1355 1437 1384 manifesta-

173 1427 249 1447 rum
274 1418 517 1455 sequentibus3
544 1427 624 1446 area
648 1417 854 1448 intermedia
886 1429 1049 1449 convexa.
1098 1420 1223 1450 Setulae
1253 1420 1439 1449 vibrissinae

169 1491 294 1521 pauca),
334 1481 481 1510 minutae.
544 1481 640 1520 Palpi
679 1483 831 1518 retracti,
873 1484 1023 1513 obscuri.
1088 1483 1192 1514 Genae
1231 1484 1436 1513 mediocres.

171 1545 273 1573 Oculi
297 1545 484 1581 rotundati,
511 1546 649 1575 exserti.
698 1546 834 1576 Thorax
858 1548 1060 1586 puberulus,
1092 1549 1223 1587 postice
1250 1545 1284 1584 ὃς
1311 1547 1436 1576 scutel-

169 1608 241 1637 lum
265 1617 367 1647 parce
393 1609 557 1638 setulosa.
605 1609 785 1639 Abdomen
812 1611 1050 1647 glabriculum,
1077 1612 1200 1641 saltem
1223 1611 1297 1641 basi
1314 1611 1436 1640 subde-

172 1681 338 1710 pressum,
371 1676 546 1708 segmento
581 1672 660 1702 ffzdo
696 1674 914 1702 transversim
953 1674 1325 1713 obsoleteffmpresso,
1365 1675 1437 1703 5:t0

174 1735 217 1763 ad
243 1735 374 1773 apicem
398 1734 488 1772 laevi3
517 1739 625 1763 totum
650 1746 788 1772 aeneum,
814 1747 891 1766 raro
918 1748 1095 1776 cupreum.
1144 1739 1287 1768 Alarum
1303 1737 1438 1767 lobula-

178 1802 291 1826 tarum
315 1798 409 1827 nervi
434 1798 722 1834 longitudinales:
750 1801 849 1829 ‘.‘:dus
875 1801 1066 1840 elongatus,
1093 1802 1135 1831 ad
1161 1803 1290 1832 exitum
1307 1785 1443 1831 ¹leniter

174 1862 347 1897 incurvus,
374 1862 392 1890 3
421 1858 455 1896 ὃς·
479 1861 500 1890 4
524 1862 692 1901 paralleli,
719 1864 808 1892 5:tus
842 1865 929 1894 infra
963 1870 1194 1895 transversum
1227 1866 1440 1895 ordinarium

177 1925 300 1961 brevis,
333 1924 393 1954 sed
425 1935 535 1963 usque
567 1925 602 1953 in
642 1927 830 1965 marginem
869 1929 1068 1967 productus.
1114 1930 1218 1960 Nervi
1259 1929 1442 1959 transversi

178 1988 315 2017 modice
341 1988 516 2024 distantes,
542 1989 665 2018 horum
699 1991 892 2021 ordinarius
925 1994 1042 2031 paullo
1075 2002 1164 2032 pone
1197 1994 1349 2024 medium
1382 1993 1441 2023 alm

179 2052 274 2081 situs.
324 2053 545 2090 Segmentum
572 2054 666 2082 nervi
691 2054 810 2092 longit.
837 2055 899 2086 4zti
924 2058 1113 2087 secundum
1147 2059 1248 2087 tertio
1275 2067 1335 2087 seu
1360 2058 1441 2086 ulti-

175 2125 233 2145 mo
262 2116 334 2145 sere
361 2117 502 2146 dimidio
531 2118 677 2148 breuius.
719 2121 759 2149 At
788 2126 999 2159 segmentum
1026 2127 1125 2151 costa·
1143 2123 1245 2152 2duni
1264 2123 1349 2151 3zlio
1368 2122 1441 2151 fere

178 2180 368 2219 quadruplo
393 2181 542 2220 longius.
591 2183 750 2213 Halteres
776 2185 899 2223 psllide
923 2185 1185 2216 ssavo-testacei.
1229 2187 1338 2216 Pedes
1363 2187 1441 2216 sim-

176 2244 295 2283 plices,
328 2246 539 2282 nudiuscufi,
572 2247 781 2285 nigro-zenei,
816 2250 975 2279 nitentes.
1031 2250 1132 2279 Tibia!
1164 2260 1289 2289 opacze.
1345 2250 1441 2279 Tarsi

173 2308 421 2338 ssavo-testacei
446 2310 617 2339 interdum
641 2312 770 2350 pallide
787 2313 1008 2349 lutescentes.
1027 2314 1122 2352 apice
1139 2323 1274 2352 semper
1291 2314 1439 2342 obscuri.

138 2382 219 2417 Οὓς,
248 2387 277 2418 1.
303 2388 342 2417 In
367 2389 598 2428 descriptione
630 2391 765 2420 Falleni
800 2389 887 2422 Not.
922 2402 1029 2423 senece
1061 2391 1213 2423 ”nervus
1247 2391 1439 2423 auxiliaris

174 2450 260 2494 fere
286 2453 334 2484 acl
357 2452 508 2485 medinm
534 2459 644 2485 costae
669 2455 860 2487 extensas”
886 2455 1022 2484 dicitur.
1072 2456 1140 2486 Sed
1166 2467 1243 2486 cum
1274 2457 1442 2495 ipsissima

182 2516 242 2547 illa
267 2520 466 2557 specimina,
493 2529 562 2557 qua:
587 2520 648 2550 sub
674 2521 783 2550 oculis
808 2521 956 2554 Illusu-is
982 2520 1140 2549 Auctoris
1166 2520 1317 2561 subjecta
1336 2526 1442 2559 erant,
