1773 3066
311 195 423 236 2350
817 191 909 228 160.
939 185 1162 228 Loncltaea.

439 297 540 338 Hab.
570 295 610 334 iu
642 295 764 335 Dania
797 296 902 339 sorte
933 302 1157 348 rarissime,
1199 302 1238 339 in
1267 301 1384 340 unico
1417 306 1570 341 tantum
1600 315 1673 342 exo

318 371 452 423 emplo
492 382 512 408 a
552 368 597 406 D.
638 365 806 420 Staeger
834 373 910 412 sub
939 375 1118 413 nomine:
1149 370 1336 412 ”Lonch.
1368 377 1498 426 nigra
1529 374 1671 428 Meig.''

318 443 478 494 adjecto
507 443 620 493 signo
649 444 978 495 interrogationis
1008 445 1104 485 mibi
1136 458 1210 497 pro
1238 441 1536 499 comparatione
1566 461 1676 489 com-

322 519 559 564 municata.;
1500 511 1504 514 ’

365 635 403 672 ῼ.
451 633 656 673 Magnitudo
684 633 721 672 &f
744 645 877 666 summa
901 633 945 667 L.
971 633 1162 677 vaginulis
1186 633 1236 675 (1)
1261 636 1469 674 similitudo,
1494 638 1555 667 sed
1579 638 1674 669 colo-

414 708 453 728 re
478 699 633 737 corporis
660 703 734 728 atro
762 700 817 729 vix
843 710 862 729 e
886 700 1034 729 caeruleo
1062 699 1226 748 micante?
1255 696 1291 735 ὃς·
1315 700 1378 730 alis
1403 700 1676 740 flavescentibus,

415 770 479 790 nec
501 761 660 801 hyalinis,
687 767 783 792 certe
811 763 957 792 diversa.
1006 763 1118 792 Frons
1143 762 1280 792 modice
1304 763 1396 800 lata,
1421 764 1529 803 nigra,
1557 774 1675 804 opaca,

411 825 546 864 pustice
569 826 705 863 punctis
730 826 749 854 3
775 825 905 854 nitidis.
932 825 1118 854 Abdomeu
1140 825 1211 854 late
1237 825 1430 865 ellipticum
1457 828 1576 866 vagina
1600 828 1676 857 lon·

417 871 464 925 ge⁴
483 892 699 926 erumpente.
732 888 837 918 Nervi
863 888 996 919 alatum
1021 887 1198 917 auxiliaris
1226 885 1262 925 ὃς
1286 889 1511 920 secundarius
1537 890 1580 920 ad
1605 891 1675 931 api-

411 959 468 980 ces
494 960 561 980 non
593 951 697 989 longe
730 951 913 988 distantes,
948 951 1039 980 unde
1074 960 1196 980 eurum
1228 951 1453 983 interstitium
1478 954 1520 984 ad
1545 957 1676 984 costam

412 1017 464 1042 sat
488 1019 682 1052 angustum.
729 1016 863 1044 Nervus
902 1020 1116 1044 transversus
1141 1014 1275 1044 medius
1302 1016 1418 1046 medio
1443 1015 1546 1056 hujus
1571 1017 1677 1046 inter-

414 1076 471 1106 stii
496 1078 686 1115 oppositus.
720 1078 875 1117 Squamae
900 1078 996 1107 albae.
1029 1077 1191 1107 Halteres
1217 1079 1316 1117 nigri.
1350 1080 1459 1109 Pedes
1486 1080 1551 1109 toti
1576 1079 1677 1118 nigri,

412 1139 645 1179 immaculati3
670 1142 751 1171 hinc
776 1143 816 1171 ab
842 1142 974 1180 aliquot
999 1140 1222 1180 sequentibus
1248 1141 1495 1178 subsimilibus‚
1517 1143 1583 1172 sed
1606 1151 1679 1172 me-

419 1203 552 1232 tatarsis
578 1204 701 1234 albidis
726 1205 900 1235 instructis
927 1205 1160 1243 distingutur.
1205 1203 1257 1233 De
1283 1209 1401 1234 cetero
1428 1210 1466 1235 ut
1490 1206 1526 1235 iu
1550 1202 1593 1236 L.
1618 1213 1678 1236 va-

413 1262 548 1305 giualz'.
1425 1258 1429 1259 ⁷

374 1324 456 1358 Obs.
505 1328 569 1357 Vix
601 1323 740 1357 Lonclt.
774 1325 885 1367 nigra
917 1327 1026 1365 Meig.
1065 1325 1101 1363 &Q
1132 1328 1268 1366 Macqv.
1303 1335 1341 1359 ut
1373 1338 1587 1371 synonymon
1610 1328 1679 1357 huc

412 1390 538 1420 referri
561 1394 686 1429 potest.
736 1390 841 1419 Color
865 1389 999 1419 alarum
1025 1390 1166 1428 quidem
1192 1391 1359 1428 affirmat,
1393 1394 1453 1423 sed
1478 1391 1677 1430 magnitudo

416 1458 595 1493 repugnat.

438 1564 475 1600 5.
507 1557 558 1598 L.
588 1557 885 1611 hyalcpenm's:
915 1563 1016 1602 atra,
1047 1556 1187 1603 nitida,
1217 1563 1483 1599 antennarum
1502 1562 1678 1602 articulo

324 1636 469 1675 ultimo
500 1634 750 1684 longitudine
783 1631 1057 1682 epistomatis,
1101 1630 1350 1684 sublineari3
1387 1633 1462 1671 atis
1492 1634 1681 1686 hyaliniS‚

325 1722 451 1749 nervo
492 1714 718 1747 transverso
758 1705 888 1744 medio
929 1709 1019 1743 ante
1061 1706 1214 1754 apicem
1254 1706 1462 1746 auxiliaris
1505 1709 1680 1758 inse1·to;

323 1785 501 1836 squamis
531 1782 661 1820 fuscis.
691 1777 739 1830 (ζ.
770 1779 911 1829 (Long.
942 1778 991 1829 l}
1025 1778 1128 1824 lin.).

445 1852 603 1894 Lonclz.
643 1852 799 1893 chorea
839 1852 958 1904 Meig.
1000 1851 1104 1902 Dipt.
1142 1855 1177 1890 5.
1216 1854 1308 1891 301.
1341 1854 1377 1891 1.
1409 1854 1551 1894 sorte?
1589 1860 1679 1902 (ex-

327 1930 427 1971 clus.
455 1942 543 1982 syn.
578 1927 710 1974 Fatt.).

442 2002 543 2041 Hab.
583 2004 621 2041 in
662 2002 784 2040 Dania
828 2000 943 2038 valde
985 2012 1098 2044 rara;
1129 1999 1213 2057 ’sub
1259 2002 1445 2040 nomine:
1489 1998 1679 2044 ’'Loncll.

331 2075 484 2115 chorea
524 2075 621 2120 Ball.
662 2072 730 2126 ῼ”,
770 2076 973 2124 specimen
1004 2073 1251 2124 descriptum
1282 2085 1302 2110 a
1337 2073 1378 2111 D.
1411 2070 1578 2127 Sloeger
1608 2090 1681 2114 nu-

327 2163 400 2202 per
431 2152 528 2192 mihi
560 2153 742 2194 missuum
773 2162 793 2187 a
825 2159 887 2186 me
918 2150 956 2186 in
987 2147 1130 2186 Svecia
1163 2158 1379 2197 numquam
1413 2149 1530 2187 tecta.

391 2265 406 2277 Ἴ

374 2273 418 2299 O.

418 2330 573 2367 eorporis
599 2330 793 2367 pedumque
819 2330 958 2358 omnino
985 2330 1166 2364 convenit,
1200 2339 1261 2368 per
1285 2329 1354 2357 alas
1379 2329 1555 2369 hyalinaS,
1580 2332 1679 2361 mini—

468 2268 494 2295 Δ
528 2267 654 2304 priori,
695 2268 750 2295 cui
784 2268 1041 2303 magnitudine,
1075 2271 1301 2296 antennarum
1335 2269 1526 2302 structura}
1560 2269 1679 2299 colore

417 2403 473 2422 me
497 2392 657 2428 ssavidas,
683 2402 836 2430 sqvamas
862 2392 993 2428 fuscas,
1019 2401 1083 2420 nee
1108 2391 1220 2428 albas,
1246 2392 1469 2421 interstitium
1495 2394 1586 2423 inter
1611 2396 1678 2434 api-

419 2466 493 2486 cem
519 2466 701 2485 nervorum
726 2455 904 2485 auxiliaris
946 2451 981 2490 &⁸
1015 2453 1211 2483 secundarii
1237 2455 1278 2483 ad
1305 2459 1434 2484 costam
1461 2457 1576 2494 paullo
1603 2458 1678 2487 lati-

422 2530 472 2557 us,
498 2525 531 2549 ut
561 2518 596 2556 ὃς
621 2519 806 2558 praesertitu
834 2526 976 2548 nervum
1003 2521 1230 2547 transversum
1259 2519 1409 2547 medium
1435 2519 1594 2550 distincte
1622 2532 1678 2551 au-
