1773 3066
324 184 433 225 2174
831 173 922 215 154.
943 171 1117 228 Teplaeril
1124 177 1170 216 is.

418 296 560 320 nervum
582 285 705 325 longit.
731 285 850 315 2¹:dum
880 285 972 314 intus
997 280 1130 323 (versus
1155 282 1307 313 radicem
1330 281 1403 322 alm)
1428 282 1570 312 dilatata
1594 288 1674 311 cum

418 350 597 382 fuscedine
628 348 816 378 fasciformi
849 355 1029 383 connexa,
1072 343 1108 382 ὃς
1149 346 1190 374 ab
1229 345 1293 375 hac
1327 343 1363 382 ἅ·
1394 346 1434 375 ab
1467 345 1542 375 a'tiis
1573 343 1679 374 facile

418 415 571 453 dignota.
617 411 694 442 Mas
727 416 890 450 praeterea
921 410 1029 448 magis
1062 408 1258 447 discrepans
1282 409 1378 437 utin
1404 409 1559 447 diagnosi
1587 407 1676 437 indi-

416 481 544 507 catum.
572 492 610 497 -
635 473 856 504 Metathorax
887 474 922 502 iu
955 477 1105 510 utroque
1136 479 1221 500 sexu
1259 474 1334 499 ater
1367 471 1508 501 nitidus.
1556 471 1679 500 Praeter

416 540 552 570 alarum
583 537 774 575 signaturas
808 536 928 565 allatas
964 535 1190 564 observantur
1215 542 1353 571 quoque
1377 533 1582 572 plerumque
1606 542 1677 562 ma-

418 602 502 632 culae
533 601 606 630 duae
634 609 741 639 parvae
770 599 806 627 in
839 608 942 628 nervo
975 599 1046 627 5:10
1078 596 1346 635 longitudinali,
1380 605 1527 634 quarum
1549 604 1618 624 una
1641 595 1678 624 in

416 664 555 700 medio,
581 663 690 691 altera
715 661 826 691 adhuc
850 662 964 690 minor
988 660 1031 689 ad
1055 660 1186 698 apicem
1212 655 1369 697 ejusdem
1394 658 1490 687 nervi
1513 657 1550 686 in
1574 666 1679 695 angu-

415 728 451 757 lo
478 726 574 756 nervi
598 725 780 754 transversi
806 724 985 758 ordinarii,
1011 727 1050 751 ut
1073 723 1109 751 in
1134 721 1367 760 descriptione
1396 717 1536 761 Teplar.
1553 717 1678 761 apica-

416 787 460 821 lis
484 789 553 818 Ins.
579 788 684 826 Lapp.
709 787 733 816 l.
761 796 789 816 c.
814 786 956 816 Macula
980 794 1063 814 vero
1089 784 1150 813 illa
1174 784 1289 812 media
1314 783 1488 812 interdum
1514 783 1624 813 deest.

369 854 447 882 Var.
474 852 506 880 b.
533 850 662 880 Similis
689 850 821 878 seminae
853 849 1045 887 descriptae,
1079 846 1141 875 sed
1172 846 1252 874 loco
1277 846 1416 875 maculae
1440 845 1581 885 apicalis
1607 844 1677 874 ala·

415 924 493 944 rum
518 914 618 951 uigrae
643 913 827 950 contigua,
854 919 1037 940 nervorum
1059 908 1365 947 longitudinalium
1391 909 1429 946 2,
1455 909 1476 938 3
1502 906 1538 944 8,·
1560 907 1583 937 4
1607 908 1676 946 api-

414 986 471 1007 ces
505 976 685 1005 fuscedine
719 979 849 1003 tantum
885 974 1088 1010 cinguntur,
1120 972 1213 1001 haud
1247 972 1349 1000 aliter
1374 980 1413 1000 ac
1437 972 1472 1000 in
1497 971 1616 1000 variet.
1643 970 1676 999 b.

418 1035 587 1080 Teplcrit.
622 1035 827 1078 hamiferoe.
877 1037 956 1067 Haec
988 1045 1078 1071 van,
1106 1044 1176 1073 quae
1199 1035 1235 1064 in
1260 1035 1386 1064 Insect.
1411 1033 1616 1072 Lapponicis
1641 1042 1674 1071 p.

414 1101 492 1131 744.
527 1105 565 1130 ut
596 1101 743 1130 varietas
782 1096 824 1130 T.
859 1096 1063 1129 Artemisia&
1104 1097 1330 1133 describitur,
1363 1097 1477 1135 potius
1511 1096 1554 1125 ad
1585 1095 1675 1125 hanc

413 1166 563 1203 speciem
596 1163 790 1192 reserenda.
841 1162 910 1191 Sed
934 1161 1036 1191 ”setae
1069 1162 1137 1190 oris
1170 1158 1394 1200 mystacinae'’,
1420 1168 1491 1197 quae
1523 1158 1547 1188 l.
1583 1168 1614 1188 c.
1639 1163 1678 1187 ut

414 1231 596 1266 praesentes
615 1226 788 1261 dicuutur,
815 1225 1002 1264 specimine
1026 1223 1124 1253 valde
1149 1232 1270 1252 maneo
1291 1231 1382 1251 nunc
1399 1222 1597 1251 adcuratius
1619 1230 1677 1250 ex-

412 1290 576 1324 ambiam,
602 1298 670 1317 non
695 1288 758 1315 uisi
784 1292 862 1316 setae
888 1287 1024 1315 verticis
1050 1286 1229 1314 ordinariae
1252 1286 1287 1314 in
1312 1285 1424 1323 capite
1449 1285 1674 1313 circumtorto

413 1351 728 1390 deprehenduntur.
770 1349 809 1378 Iu
834 1349 918 1378 silva
944 1348 1096 1377 betulina
1122 1347 1164 1376 ad
1188 1347 1319 1376 Evenas
1344 1346 1565 1376 Nordlaudiae
1587 1346 1675 1376 Nor-

412 1414 545 1452 wegicae
569 1413 602 1442 d.
628 1413 671 1442 18
694 1412 773 1442 Jun.
799 1411 885 1440 1821
912 1411 1129 1440 individuum
1153 1410 1294 1439 unicum
1319 1409 1447 1438 inveni.

1570 1468 1580 1483 ‚.

436 1513 472 1548 5.
508 1508 552 1548 T.
583 1511 832 1548 alternata:
865 1511 1118 1561 ferruginea,
1148 1512 1371 1556 sumimus,
1399 1509 1530 1559 capite
1564 1505 1676 1557 pcdi-

322 1583 478 1633 busque
517 1583 818 1634 patlidioribus3
857 1583 931 1620 alis
961 1582 1404 1635 subflavido-byalinis‚
1444 1581 1576 1619 fasciis
1606 1579 1677 1617 tri-

322 1656 418 1703 bus,
463 1659 520 1694 lta
554 1655 883 1706 perpendiculari
920 1656 1174 1706 subintegra,
1211 1657 1299 1696 22da
1332 1654 1472 1694 costati
1502 1653 1677 1698 minima,

324 1732 418 1767 3ztia
450 1729 616 1780 obliqua
648 1731 860 1774 continua,
902 1729 1141 1780 maculaque
1173 1730 1340 1781 apicati,
1373 1728 1516 1772 fuscis;
1547 1735 1675 1763 nervo

325 1809 554 1840 transverso
587 1802 792 1840 ordinario
824 1803 1004 1854 obliquo.
1035 1802 1109 1852 ὅᾫ.
1168 1802 1308 1853 (Long.
1337 1802 1503 1839 circiter
1533 1798 1677 1842 2tin.).

441 1881 536 1921 Fau.
583 1881 711 1920 Ortal.
754 1886 789 1921 5.
835 1886 870 1922 3.
914 1883 994 1934 (ζῼ.
1038 1884 1180 1922 Dahlb.
1218 1882 1358 1921 Scand.
1395 1881 1469 1919 lus.
1507 1890 1544 1928 p.
1582 1875 1677 1915 320.

320 1958 416 1993 219.
470 1956 559 2000 (ubi
613 1958 734 1993 ctiam
793 1957 1125 2007 metamorphosis
1174 1957 1365 1995 adcurate
1398 1951 1675 1996 describitur).

327 2025 520 2078 Trypela
552 2028 662 2067 Low.
691 2029 872 2080 Monogr.
902 2033 994 2068 315.
1029 2034 1060 2068 1.
1090 2031 1133 2069 T.
1166 2033 1199 2068 l.
1231 2030 1256 2067 f.
1287 2032 1324 2066 1.
1354 2027 1460 2071 (ala)
1492 2045 1542 2051 —
1572 2021 1675 2074 Try-

311 2105 422 2153 pela
462 2103 669 2139 contiuua
708 2101 827 2153 Meig.
866 2104 970 2153 Dipt.
1010 2107 1046 2142 5.
1085 2106 1177 2142 312.
1220 2106 1254 2140 1.
1293 2099 1338 2149 ὃ.
1376 2099 1421 2137 Τ.
1460 2099 1524 2135 48.
1557 2097 1580 2135 f.
1612 2097 1676 2134 16.

319 2174 447 2219 (ata.).
477 2196 529 2201 -—-
561 2174 720 2211 Bouebc
759 2174 1021 2228 Naturgesch.
1059 2179 1124 2215 97.
1164 2178 1230 2214 87.
1259 2174 1447 2223 descript.
1479 2170 1602 2208 larvae
1634 2167 1673 2206 d:

318 2258 450 2297 pupae.

434 2324 535 2364 Hah.
573 2325 703 2373 imago
744 2326 784 2362 in
825 2324 933 2363 soliis
970 2326 1161 2365 fruticum
1209 2336 1279 2375 per
1321 2323 1458 2362 hortos
1489 2323 1528 2360 ἀ
1558 2327 1671 2373 prata

316 2399 497 2437 silvatica
529 2396 802 2435 Scaudiuaviae
834 2398 1109 2437 meridionalis
1139 2397 1177 2435 6.-
1210 2396 1375 2442 mediae,
1407 2402 1488 2435 tota
1521 2400 1672 2442 aestate,

320 2473 460 2522 passim
495 2472 706 2523 frequens,
749 2473 785 2510 iu
817 2471 961 2522 copula
994 2483 1097 2522 saepe
1129 2471 1402 2522 dcprchcnsa3
1442 2469 1597 2510 scilieet
1629 2469 1670 2506 iu

1768 189 1773 307 ἕ
