1773 3066
319 168 430 208 2428
657 166 750 202 170.
784 160 983 217 Cllylizm
1005 163 1096 201 171.
1129 159 1340 206 Coloboea.

414 274 661 309 lanceolatuni,
688 271 786 311 apice
812 275 864 301 sat
887 271 992 310 longe
1017 276 1169 301 acutum.
1195 272 1266 302 Alae
1291 272 1685 315 siilihyalinae‚a1›icele-

416 339 506 368 niter
530 337 715 366 infuscatae.
765 335 872 365 Nervi
899 336 1088 365 transversi
1111 336 1250 366 modice
1274 338 1416 375 remoti,
1438 338 1567 369 horum
1592 341 1686 370 ordi-

416 401 534 431 narius
559 400 677 439 paullo
703 400 841 437 longius
866 404 944 428 ante
970 400 1123 429 medium
1149 409 1235 429 areae
1259 399 1387 430 ultimae
1411 402 1563 432 insertus
1586 413 1690 442 quam

417 465 454 494 in
477 464 663 504 prioribus,
690 464 738 492 ita
765 468 801 492 ut
826 469 1040 501 segmentum
1066 464 1162 493 nervi
1186 462 1450 501 longitudinalis
1474 464 1539 496 4:st
1564 476 1687 496 secun-

416 527 497 558 dum
524 528 626 556 tertio
652 526 726 556 fere
752 527 859 566 duplo
888 528 1025 557 brevius
1052 527 1185 557 evadat.
1211 527 1345 557 Nervus
1371 529 1510 558 costalis
1536 539 1688 566 crassum

416 591 599 630 nigricans.
625 591 786 621 Halteres
813 591 894 620 albi.
921 591 1030 620 Pedes
1056 600 1135 620 cum
1160 591 1256 620 coxis
1276 592 1462 630 simplices,
1476 593 1687 632 mediocres,

416 655 516 692 ssavi,
548 655 738 685 semoribus
770 656 911 695 posticis
948 655 992 684 ad
1025 654 1159 693 apicem
1191 657 1378 695 praesertim
1403 665 1553 696 superne
1579 657 1690 688 dilute

418 719 597 748 brunneis.
1576 713 1579 714 ⁷

379 779 462 813 Οὓς.
518 782 714 821 specimina
740 780 1002 819 Ostrogothum,
1036 790 1108 820 quae
1134 778 1216 824 jainx
1243 785 1323 811 ante
1349 782 1395 812 20
1417 792 1524 813 annos
1551 783 1692 823 collegi,

420 847 456 875 in
481 846 691 875 collectione
716 855 793 875 mea
819 845 881 874 sul»
907 846 1071 875 nomine:
1101 842 1255 887 Cllyliza
1270 843 1392 888 filata
1417 848 1602 877 asservavi.
1650 847 1692 877 In

421 910 751 940 determinationem
777 920 796 939 a
823 909 894 939 Cel.
927 905 1692 951 lValtlbergdatamlibentertamenmutavi.

380 970 464 1005 obs.
516 970 669 1014 Cltyliza
703 970 917 1004 loxocerina
951 973 1039 1003 Fau.
1075 975 1194 1012 generi
1226 969 1341 1004 Lissoe
1366 983 1423 1003 uzo
1450 975 1517 1004 158
1541 985 1573 1014 p,
1601 974 1689 1005 2307

419 1038 454 1067 in
479 1037 546 1067 lioc
571 1047 678 1076 opere
703 1034 861 1075 subjecta
887 1040 951 1066 est.

698 1401 806 1465 171.
840 1414 1175 1464 COLossAEA
1211 1416 1338 1463 zett.

381 1550 525 1591 Corpus
551 1558 705 1589 parvum,
729 1549 874 1585 lineare,
902 1549 1018 1583 breve,
1045 1546 1157 1575 antice
1181 1548 1385 1586 posticeque
1411 1548 1584 1587 obtusum;
1611 1559 1694 1590 opa-

423 1625 520 1650 cum,
553 1622 675 1652 parum
709 1613 921 1652 pubescens,
956 1612 1037 1640 setis
1073 1611 1110 1640 in
1142 1612 1271 1640 vertice
1305 1611 1527 1650 thoracisque
1559 1614 1694 1652 postico

422 1679 563 1719 paucis,
595 1678 632 1706 in
664 1677 812 1706 scutello
839 1674 871 1705 4.
922 1676 1030 1715 Caput
1056 1675 1375 1712 subtransversum,
1408 1676 1549 1706 thorace
1574 1677 1694 1715 paullo

424 1742 542 1772 latius.
592 1740 703 1769 Frons
730 1741 765 1769 in
793 1744 942 1777 utroque
968 1749 1054 1769 sexu
1078 1739 1160 1775 lata,
1187 1749 1256 1768 non
1280 1740 1461 1778 puberula,
1488 1749 1552 1770 nec
1579 1741 1713 1771 anticek

423 1806 637 1846 prominens.
669 1806 835 1834 Antennae
862 1804 1006 1842 oblique
1031 1803 1252 1839 subdessexae,
1277 1803 1409 1840 breves,
1436 1804 1583 1834 articulo
1611 1804 1692 1834 ulti-

427 1880 484 1900 mo
511 1873 624 1904 ovato,
651 1878 861 1907 compresso,
889 1868 960 1897 basi
985 1871 1059 1897 seta
1084 1867 1214 1896 (lorsali
1237 1867 1403 1907 plumata.
1428 1868 1693 1908 Epistomapet·

423 1932 669 1973 pendiculare,
702 1932 830 1968 latum,
864 1931 1017 1968 nudum,
1049 1930 1139 1960 infra
1172 1931 1294 1960 oculos
1319 1941 1441 1971 parum
1466 1932 1693 1968 descendens,

424 1998 580 2035 margine
605 1996 720 2025 antico
746 2006 814 2025 non
840 1995 991 2032 reflexo,
1018 2005 1099 2025 area
1123 1996 1239 2025 media
1265 1995 1480 2034 triangulari,
1508 1996 1630 2025 orbitis
1657 2005 1694 2024 o-

425 2061 586 2091 culorum
611 2060 814 2099 perspicuis.
848 2061 1018 2098 Apertura
1043 2060 1113 2089 oris
1139 2064 1191 2088 sat
1216 2059 1339 2098 ampla,
1365 2059 1562 2089 rotundata.
1610 2059 1694 2103 Pro-

428 2125 539 2153 boscis
564 2134 666 2163 parva
693 2124 722 2154 ἀ
748 2124 840 2163 palpi
866 2128 1027 2154 retracta.
1071 2124 1175 2153 Genae
1200 2123 1409 2153 mediocres.
1439 2123 1542 2153 Oculi
1567 2120 1696 2162 majus·

427 2188 833 2225 culi‚0va10-1·otun‹lati,
852 2188 949 2217 nudi.
975 2188 1115 2217 Thorax
1140 2187 1394 2225 subquadratus
1420 2188 1550 2226 absque
1575 2190 1697 2215 sutura

429 2256 620 2281 transversa
643 2252 836 2290 perspicua.
885 2252 1066 2281 Abdomen
1092 2251 1232 2280 thorace
1259 2251 1333 2280 sere
1359 2252 1506 2286 brevius,
1533 2250 1695 2279 distincte

427 2315 624 2353 angustius,
650 2314 903 2344 5-annulatum.
953 2315 1022 2344 Alae
1049 2314 1233 2343 abdomine
1259 2314 1378 2352 paullo
1404 2314 1596 2352 longiores,
1622 2321 1695 2341 mo·
1742 2342 1749 2345 „

431 2378 507 2407 dice
532 2378 617 2413 latae,
643 2378 895 2406 incumbentes.
922 2377 1046 2405 Nervi:
1074 2377 1254 2405 auxiliaris
1282 2377 1324 2405 ad
1349 2377 1469 2406 3ztiam
1494 2381 1594 2405 costae
1618 2385 1694 2415 par-

430 2446 499 2471 tem
525 2446 706 2477 extensus,
744 2451 763 2469 a
788 2440 994 2470 secundario
1022 2445 1166 2478 anguste
1193 2444 1391 2479 separatus3
1424 2439 1697 2478 longitudinales

412 2505 529 2542 secti,
554 2506 680 2535 horum
704 2504 724 2534 3
752 2501 788 2541 ὃς
813 2502 835 2532 4
859 2503 1032 2543 paralleli,
1058 2504 1148 2533 51tus
1174 2503 1248 2534 fere
1274 2504 1316 2533 ad
1340 2506 1531 2544 marginem
1554 2503 1697 2534 interio-
