1773 3066
593 166 684 205 15¹1.
715 161 872 216 sepsis.
1304 163 1417 204 2303

150 273 198 302 lia
224 273 286 302 sul»
314 273 377 303 alis
403 273 544 311 obliqua
570 271 727 312 ejusdem
752 274 893 305 coloris.
925 273 1068 305 Macula
1094 277 1285 303 transversa
1310 281 1415 311 supra

148 345 251 366 coxas
276 336 498 365 intermedias
525 336 762 367 albo-cinerea
787 347 926 376 quoque
952 337 1124 366 distincta.
1159 336 1338 366 Abdomen
1363 335 1414 364 ni-

120 418 122 420 r
149 399 259 428 lidum
284 399 430 436 nigrum,
455 400 710 437 aeneo-micaus,
737 405 913 437 segmento
940 401 1049 439 primo
1076 400 1111 429 iu
1137 409 1231 429 mare
1257 399 1413 437 margine

149 461 272 500 apicali
307 462 567 492 [umidiusculo.
616 461 685 492 Alae
718 463 937 501 longitudine
962 463 1085 492 sallem
1111 458 1303 493 abdominis
1330 462 1353 491 l.
1382 458 1415 490 in

149 520 182 556 ὅ
207 524 281 553 sere
306 525 500 563 paullulum
527 526 722 561 breviores,
755 526 790 554 in
815 530 965 564 utroque
990 536 1076 555 sexu
1101 525 1415 565 cinereo-hyalinae,

147 587 292 625 regione
325 589 416 618 circa
452 588 584 627 apicem
616 588 713 618 nervi
744 588 865 626 longit.
899 589 972 618 2zdi
1005 589 1126 619 umbra
1158 589 1255 618 fusca
1280 596 1418 626 semper

145 650 304 680 obsoleta
331 649 367 688 ὃς·
391 662 577 690 numquam
603 656 670 681 tam
695 656 848 681 saturata
881 661 983 690 quam
1008 652 1044 681 in
1071 652 1180 690 figura
1204 650 1412 688 Macquami.

147 713 305 752 Squamae
331 715 606 753 rudimentariae3
631 715 782 745 halteres
807 715 889 745 albi.
929 715 1038 744 Pedes
1064 715 1236 753 simplices
1263 722 1341 742 eum
1359 722 1416 742 co·

149 776 201 805 xis
227 776 317 815 ssavi,
343 780 578 818 posteriorum
603 778 794 808 femoribus
819 775 957 817 (saltem
983 775 1147 817 superne)
1172 777 1207 807 in
1232 775 1349 805 medio
1364 775 1415 804 la-

151 842 203 875 te,
239 837 275 876 ὃς
306 842 398 872 tibiis
431 842 505 872 fere
540 842 582 872 ad
614 841 766 880 apicem,
800 839 878 879 plus
902 840 1015 869 minus
1041 840 1152 869 dilute
1177 843 1238 868 aut
1262 842 1416 868 saturate

147 902 322 935 brunneis,
349 906 447 936 Tarsi
472 915 591 936 omnes
616 903 783 943 imprimis
810 912 928 932 versus
954 903 1088 942 apicem
1116 903 1363 932 suscescentes.

110 994 192 1039 Οὐδ.
242 997 281 1027 Iu
320 998 470 1029 Fabricii
494 998 740 1037 Entomologia
764 995 993 1037 Systematica
1016 994 1041 1025 l.
1068 1005 1097 1024 c.
1123 994 1159 1023 in
1184 992 1417 1031 descriptione

154 1059 294 1092 Muscae
326 1060 536 1103 cylindricae
568 1061 715 1092 ”thorax
748 1065 840 1096 ater,
874 1054 1139 1088 immaculatus'’
1166 1055 1311 1091 dicitur,
1346 1064 1418 1093 quae

151 1128 234 1154 nota
259 1125 295 1154 in
320 1130 473 1155 nostram
498 1135 567 1154 non
593 1125 744 1163 qvadrat.
772 1141 810 1146 -
837 1122 944 1152 Forte
968 1119 1036 1148 haec
1062 1119 1213 1157 species,
1247 1127 1325 1147 cum
1350 1117 1418 1146 alia

150 1187 298 1225 quadam
330 1188 366 1217 in
398 1188 529 1217 Linnaei
560 1188 680 1217 Fauna
712 1185 854 1216 Svecica
887 1182 1073 1213 commixta
1104 1181 1191 1217 fuit,
1224 1190 1300 1210 nam
1334 1189 1417 1209 sane

150 1250 277 1280 mirum
303 1255 355 1280 est
379 1251 406 1280 si
429 1237 600 1280 insectum
627 1259 688 1289 per
719 1252 826 1278 totam
852 1245 1010 1277 Sveciam
1036 1243 1311 1282 vulgatissimum
1335 1243 1416 1272 Lin-

154 1313 216 1342 naei
241 1313 344 1343 oculo
371 1313 493 1352 sugere
516 1313 698 1352 potuisset.
725 1311 796 1342 Sub
822 1309 962 1339 nomine
985 1303 1143 1337 ”Musca
1169 1303 1417 1348 corrigiolata

153 1375 255 1406 Linn.
281 1376 371 1417 Syst.
397 1375 496 1406 Nat.’'
522 1375 742 1406 individuum
774 1372 969 1403 masculum
999 1367 1106 1410 hujus
1138 1370 1174 1400 in
1199 1369 1418 1401 Collectione

149 1439 242 1469 beati
265 1435 341 1479 thc
347 1437 421 1481 nglc
446 1440 660 1470 adservatur.

110 1523 194 1557 Obs.
244 1527 386 1561 Qvando
413 1528 544 1557 insecta
569 1535 633 1556 acu
660 1523 860 1561 affiguntur,
886 1520 1037 1549 vesicam
1063 1519 1247 1549 aeriferam
1272 1524 1348 1549 ante
1359 1530 1417 1550 an-

151 1593 270 1619 tennas
295 1600 383 1629 saepe
409 1590 568 1628 protrudi
599 1587 817 1618 notissimum
851 1587 915 1613 est.
963 1583 1040 1612 Hoc
1064 1592 1146 1612 vero
1172 1582 1419 1622 phenomenon

150 1653 188 1682 in
211 1653 398 1682 individuis
424 1650 528 1691 hujus
555 1651 691 1690 generis
718 1647 933 1687 frequentius
960 1646 1173 1682 observatur,
1199 1646 1291 1675 unde
1317 1651 1419 1686 caput

152 1714 386 1752 deformatur,
422 1712 457 1751 &Q
488 1715 582 1745 frons
609 1715 721 1744 amice
747 1711 845 1751 quasi
870 1708 1048 1739 corniculo
1074 1708 1242 1737 instructa
1267 1713 1418 1748 apparet.

152 1777 180 1806 E
205 1778 279 1807 sola
304 1779 420 1817 specie
447 1776 480 1808 S.
507 1775 710 1820 cylindrica
735 1777 755 1805 5
792 1772 953 1810 exempla
984 1771 1032 1801 ita
1058 1771 1248 1810 defigurata
1268 1769 1342 1811 jam
1366 1772 1417 1802 in-

151 1846 203 1871 ter
227 1843 336 1872 multa
361 1841 509 1871 collecta
534 1841 648 1871 video.

176 2005 241 2041 18.
275 2000 318 2040 S.
350 2005 549 2052 vav-ipos:
592 2005 726 2054 nigra;
767 2001 935 2053 pedibus
966 1999 1219 2044 rufo-ssavis,
1257 1997 1419 2036 semori-

62 2078 135 2118 bus
165 2079 204 2116 in
237 2076 368 2115 medio
402 2076 505 2122 late,
539 2077 646 2116 tibiis
676 2077 761 2114 sere
795 2076 888 2113 totis
919 2075 1117 2124 narsisque
1150 2073 1262 2123 apice
1295 2070 1421 2109 brun—

61 2154 173 2199 neis3
214 2151 288 2190 alis
332 2150 526 2202 hyalinis,
574 2151 710 2188 nervis
756 2150 997 2186 transversis
1040 2145 1423 2197 subapproximatiS,

64 2224 424 2277 longitudinalibus
455 2227 479 2261 3
509 2223 548 2262 ἀ
578 2226 605 2262 4
634 2221 936 2274 subparallcliS.
973 2218 1023 2272 (ζ.
1062 2220 1203 2272 (Long.
1235 2221 1284 2272 13
1317 2218 1422 2262 lin.)-

177 2315 294 2366 Staeg.
335 2313 517 2366 Monogr.
554 2314 665 2366 Seps.
706 2327 742 2366 p.
782 2315 846 2352 31.
880 2315 941 2351 13.
973 2310 1022 2364 (ζ’.
1053 2312 1230 2357 (exclus.
1259 2322 1344 2365 Syn.
1376 2308 1418 2347 S.

69 2387 280 2428 Coxarum
312 2388 424 2434 Zeu„
454 2399 545 2438 quae
575 2389 623 2426 ad
658 2386 700 2427 S.
735 2384 897 2426 Leacln‘
925 2398 989 2425 nzo
1022 2388 1073 2424 10
1105 2387 1313 2437 pertinet).

184 2473 433 2528 Nemopoda
464 2477 581 2528 Meig.
613 2479 715 2530 Dipt.
747 2482 784 2517 7.
817 2478 906 2516 351.
945 2478 981 2513 7.
