1773 3066
283 141 387 180 1891
777 137 867 174 140.
899 132 1143 188 Nota'pltae'la.

286 249 483 300 margines
526 243 717 296 paludum
764 244 802 283 d:
850 245 1058 285 fovearum
1103 254 1380 287 coenos-arum·
1427 252 1527 286 teste
1572 244 1654 284 Cel.

288 319 599 369 Steuhummar,
629 333 649 358 a
681 332 762 372 quo
793 322 915 359 etiam
949 324 1216 361 transmissam
1247 321 1441 373 possideo.

333 414 403 454 ὂς).
430 415 594 445 Omnium
618 418 711 444 certe
735 415 975 445 minutissima.
1019 416 1106 446 Tota
1131 416 1228 454 nigra
1246 415 1393 445 nitidula
1411 416 1467 446 vix
1486 416 1511 445 l.
1532 424 1654 455 parum

387 479 644 515 fusco-micans,
671 479 855 509 abdomine
881 480 1057 510 nitidiore.
1106 479 1215 510 Frons
1241 481 1424 518 subopaca,
1457 479 1568 508 antice
1595 479 1653 508 de-

383 544 492 580 clivis,
516 543 648 582 postice
675 543 839 572 setulosa.
888 546 1051 574 Antennae
1077 549 1151 574 totae
1176 545 1277 582 nigrae
1302 542 1350 583 (in
1371 541 1585 583 juvenilibus
1619 540 1656 579 &C

383 617 493 646 nuper
517 607 698 637 declaratis
726 608 835 637 dilute
862 609 961 638 suscae
985 609 1008 638 l.
1037 607 1221 648 testaceae),
1248 613 1320 637 seta
1344 609 1449 638 radiis
1475 607 1612 637 circiter
1636 608 1657 637 5

387 671 465 712 (nec
489 671 605 711 plures
630 671 802 711 numero).
851 673 1028 713 Epistoma
1052 675 1087 703 in
1113 674 1220 703 fundo
1253 673 1436 711 nigricans,
1460 673 1584 702 leviter
1608 671 1655 701 ci-

379 737 574 766 nerascenti
605 736 828 775 pollinosum.
878 738 1030 768 Vibrissae
1062 739 1225 777 utrinque
1259 739 1290 767 2.
1339 737 1509 767 Praeterea
1541 735 1657 766 setulae

386 802 578 842 mystacinae
603 801 637 830 in
664 801 739 829 sinu
765 801 835 829 oris
870 802 1034 840 utrinque
1060 803 1080 832 2
1104 803 1128 832 ].
1154 803 1186 839 3,
1213 812 1358 841 quarum
1389 806 1521 831 tantum
1552 800 1656 830 unica

383 866 554 895 distincta.
603 865 704 894 Oculi
730 861 925 903 majusculi,
952 867 1141 896 rotundati.
1183 866 1286 896 Genae
1307 867 1525 896 brevissimae.
1566 865 1656 895 Tho-

382 939 443 959 rax
466 929 600 968 postice
628 925 663 964 &C
689 929 874 958 scutellum
899 929 1169 969 planiusculum,
1193 940 1296 970 parce
1321 931 1485 960 setulosa.
1526 930 1657 961 Pleurae

383 994 649 1024 cinerascentes.
698 993 878 1022 Abdomen
904 1004 1024 1033 parum
1060 995 1281 1034 puhel-ulum.
1331 995 1399 1025 Ata*
1431 995 1654 1024 subcinereo-

383 1058 536 1099 hyalinae,
562 1058 674 1087 nervis
699 1062 737 1086 ut
761 1058 796 1086 in
820 1058 929 1096 priori
955 1058 1107 1095 directis,
1133 1059 1194 1088 sed
1217 1059 1461 1098 longitudinali
1481 1058 1561 1088 2³10
1580 1057 1654 1087 sere

380 1123 492 1152 adhuc
516 1122 633 1161 paullo
661 1121 831 1150 breviore.
872 1121 1005 1150 Nervus
1031 1122 1123 1159 long.
1150 1123 1241 1152 5:tus
1267 1133 1335 1151 non
1359 1132 1471 1161 usque
1497 1122 1539 1151 ad
1564 1131 1655 1150 sum-

378 1196 471 1215 mum
496 1186 685 1223 marginem
711 1184 771 1213 alze
796 1185 999 1214 interiorem
1025 1192 1199 1216 extensus.
1240 1187 1401 1216 Halteres
1424 1187 1504 1215 albi.
1544 1186 1654 1216 Pedes

381 1249 566 1289 simplices,
592 1249 692 1287 nigri,
720 1249 817 1278 tarsis
843 1249 972 1287 pallide
998 1252 1157 1280 testaceis
1183 1251 1337 1280 articulis
1369 1250 1500 1280 ultimis
1531 1250 1655 1280 leviter

371 1313 655 1342 suscescentibus.

342 1385 424 1419 Obs.
451 1387 491 1417 In
517 1386 682 1426 exemplis
708 1384 939 1416 Scanensibus
966 1387 1067 1420 atque
1092 1382 1128 1410 in
1152 1382 1204 1412 his
1237 1385 1349 1424 typico
1384 1396 1508 1416 nervus
1542 1385 1652 1424 longi-

382 1450 544 1480 tudinalis
570 1449 741 1481 secundus
767 1449 807 1477 ad
836 1448 966 1477 exitum
990 1447 1025 1476 in
1050 1450 1179 1476 costam
1205 1448 1302 1486 apice
1336 1449 1513 1478 levissime
1546 1448 1652 1478 flecti-

374 1520 442 1551 tur,
467 1514 528 1543 sed
552 1514 588 1544 in
613 1513 856 1554 speciminibus
883 1510 1132 1549 Ostrogothicis
1165 1511 1259 1540 idem
1292 1522 1415 1542 nervus
1449 1513 1483 1541 in
1517 1517 1649 1542 costam

381 1580 477 1619 apice
503 1579 695 1608 rectissimo
722 1576 802 1605 exit.
851 1576 891 1604 In
917 1575 1042 1604 ceteris
1068 1584 1148 1604 vero
1176 1580 1340 1613 quantum
1366 1577 1549 1606 observare
1575 1586 1651 1615 pos-

378 1644 453 1680 sim,
480 1643 572 1672 omni
597 1645 722 1681 puncto
757 1640 979 1669 conveniunt.
1008 1657 1046 1661 —
1073 1636 1225 1680 Psilopa
1251 1638 1443 1681 nigritella
1469 1641 1586 1672 Stenh.
1617 1638 1653 1676 ὃς·

381 1709 501 1737 eadem
527 1704 630 1746 hujus
666 1705 780 1744 operis
813 1704 902 1732 insta
935 1713 993 1732 uzo
1026 1703 1058 1738 3,
1091 1703 1172 1732 huic
1205 1708 1326 1733 nostrae
1358 1701 1404 1735 N.
1429 1701 1652 1745 glabriculae

389 1773 488 1802 valde
514 1771 635 1802 similis
663 1774 724 1805 est,
752 1767 964 1808 epistoinatis
990 1767 1101 1796 forma
1128 1772 1281 1806 excepta.

407 1893 471 1929 31.
527 1888 584 1928 Ν.
617 1891 941 1941 argyrosloma:
981 1887 1089 1937 nigra
1124 1886 1261 1932 nitida,
1302 1887 1433 1924 fronte
1466 1892 1549 1924 atra
1585 1899 1654 1924 ve-

287 1967 431 2011 lutina‚
463 1963 617 2002 macula
649 1974 766 2012 supi-³
801 1966 995 1998 antennas
1025 1961 1162 2004 nivem
1211 1963 1446 2012 epistomate
1493 1960 1652 2012 planiu-

288 2040 402 2080 scuto
432 2040 637 2077 ecarinato
669 2040 881 2086 argentvm
914 2037 1096 2073 antennis
1126 2038 1248 2087 nigris
1278 2033 1364 2086 (ῼ),
1394 2034 1652 2073 nutat-ticulo

290 2114 432 2152 ultimo
462 2112 604 2150 subtus
648 2111 958 2148 fusco-testaceo
1004 2106 1102 2161 (gh
1148 2110 1220 2148 ntis
1261 2110 1522 2161 subhyalinis,
1565 2121 1651 2160 seg-

289 2190 433 2228 mentis
463 2192 581 2225 costae
612 2186 702 2223 2:110
733 2183 771 2221 (Q
802 2186 898 2222 3:1io
927 2184 1118 2235 subusque
1148 2185 1294 2236 longis;
1341 2183 1565 2222 halim-ibus
1595 2185 1651 2221 ci-

287 2264 421 2308 triuis3
458 2260 624 2312 podibus
653 2258 955 2309 nigricantibus,
989 2259 1094 2298 tibiis
1112 2261 1306 2310 tarsisque
1325 2256 1652 2298 suscescentibus.

286 2335 369 2391 (ζᾭ
400 2336 539 2387 (Long.
571 2335 594 2386 3
627 2333 712 2371 fere
744 2332 766 2385 3
801 2331 900 2377 Νη).

333 2429 438 2462 Inus:
464 2431 635 2459 abdomen
663 2429 839 2464 segmento
866 2426 937 2454 tizto
965 2425 1107 2463 inflexo,
1135 2427 1280 2463 minuto,
1307 2424 1556 2471 brevi31iigro3

329 2509 449 2543 Fama
476 2510 644 2540 abdomen
670 2508 765 2546 apice
792 2506 925 2535 obtuso.
