1773 3066
351 162 442 201 168.
477 158 706 213 Opomyza.
724 166 729 173 “
745 157 838 196 169.
873 151 1116 207 Tanypeza.
1310 157 1418 195 2421

171 269 289 323 Staeg.
319 273 360 310 in
392 268 471 307 litt.
500 270 525 306 5
555 266 657 316 Aug.
689 267 806 304 1813.

174 343 280 383 Hab.
325 346 366 384 in
412 341 621 379 vicinitate
663 340 831 378 iitorum
879 337 1174 376 maritimorum
1215 350 1235 376 a
1268 337 1332 377 die
1362 339 1418 376 24

50 417 144 456 Jun.
176 429 303 468 usque
334 417 382 456 ad
415 416 572 455 initium
605 411 878 463 Septembri&
921 411 959 447 in
991 409 1165 462 Amager
1196 412 1244 451 ad
1278 411 1420 453 Hasui..

54 504 118 530 am
148 489 353 530 Danorum
386 504 405 529 a
440 489 484 528 D.
516 484 705 538 Seaeger
735 484 976 534 frequento·-
1008 483 1113 523 locta
1147 483 1186 522 (50
1218 487 1256 524 in
1289 487 1420 538 phu-1-

55 564 131 604 bus
175 564 373 616 exemplis
419 565 629 613 utriusque
667 569 788 597 sexus
818 560 1138 604 communicata3
1192 561 1288 600 mihi
1320 574 1417 601 vero

56 644 214 678 tantum
248 640 287 677 in
317 636 552 678 Gottlandia
584 634 632 672 ad
663 632 882 683 Kjellunge
915 643 1036 681 parce
1069 632 1202 671 obvia.

100 745 174 787 ὀᾯ.
222 748 337 778 I’riori
363 746 462 777 valde
488 744 621 779 similis,
648 742 709 772 sed
733 741 864 781 pleuris
888 747 1080 781 ventreque
1106 744 1177 774 basi
1202 746 1236 775 in
1262 753 1417 788 utroque

148 821 236 842 sexu
262 810 472 846 ssavo-rufis,
508 805 544 844 &Q
567 808 604 837 in
628 816 723 836 mare
749 806 938 836 femoribus
964 809 1105 846 posticis
1131 810 1253 840 subtus
1280 813 1418 852 ciliatis,

146 875 378 914 ‹listingvitur.
404 873 721 912 Femora‚quoque
744 871 857 900 antica
881 871 978 909 apice
1003 871 1211 911 plerumque
1236 874 1341 906 latius
1366 879 1418 908 ni-

147 938 316 977 gricantia
341 947 442 976 quam
468 937 503 966 in
529 935 754 975 praecedente.
789 934 919 964 Pleurae
944 935 1145 973 ruso-flavae,
1171 938 1258 967 vitta
1283 939 1421 972 laterali

148 1001 245 1031 fusca
273 1002 501 1041 plerumque,
538 996 573 1035 ὃς
606 998 741 1027 macula
768 998 875 1026 sterni
900 999 997 1029 nigra
1022 1009 1180 1039 semper,
1213 1004 1419 1042 perspicuis·

149 1082 185 1088 —-
214 1065 365 1103 Reliqua
391 1070 428 1095 ut
453 1065 489 1094 in
519 1059 563 1094 Ο.
590 1058 783 1098 distincta,
808 1058 907 1099 cujus
933 1063 1080 1092 varietas
1100 1061 1270 1102 juvenilis
1295 1068 1419 1098 vixha-

152 1128 278 1159 benda.

107 1188 194 1224 obs.
250 1189 441 1233 Opomyza
464 1185 689 1220 consobrina
715 1187 813 1216 nobis
842 1187 910 1217 Ins.
937 1188 1044 1227 Lapp.
1072 1188 1151 1218 762.
1178 1190 1210 1218 2.
1224 1190 1298 1220 sine
1315 1191 1421 1222 dnbio

148 1261 282 1287 tantum
315 1260 353 1285 ut
385 1254 532 1285 varietas
568 1248 761 1292 Geomyzae
794 1247 1016 1281 combinatae
1050 1251 1140 1280 infra
1172 1252 1343 1284 habenda.
1380 1274 1417 1279 -—

152 1316 380 1362 Opomyzam
414 1313 660 1359 bifasciellam
694 1314 782 1344 Fan.
820 1311 1017 1345 Calobeaeae
1051 1316 1170 1353 generi
1205 1315 1352 1356 subjeci.
1382 1338 1420 1342 -

145 1384 321 1422 Pleraeque
346 1381 576 1421 Meigenianae
610 1378 743 1418 species
783 1374 1001 1420 Opomyzoe‚
1041 1387 1085 1407 eze
1119 1388 1244 1419 nempe
1282 1387 1357 1412 seta
1382 1394 1421 1413 u-

149 1449 287 1486 trinque
312 1446 524 1487 mystacina,
560 1440 596 1478 ὃ(
629 1447 701 1472 seta
734 1447 962 1471 antennarum
988 1442 1141 1480 plumata
1167 1443 1190 1472 l.
1219 1445 1346 1475 saltem
1374 1448 1423 1476 di-

143 1511 269 1541 stincte
294 1512 506 1550 pubescente
532 1506 692 1546 praeditae,
719 1507 781 1535 sub
808 1515 935 1544 genere
964 1503 1166 1546 Geomyza‚
1202 1513 1239 1537 ut
1264 1510 1348 1539 mihi
1374 1512 1420 1540 vi-

152 1574 260 1604 detur
285 1574 411 1604 melius
440 1572 591 1602 militant
616 1568 652 1607 ὃ(
677 1572 725 1601 ibi
751 1570 852 1599 citius
879 1569 1113 1599 inveniuntur.

411 1865 519 1913 169.
558 1860 910 1910 TANYPEZA
947 1859 1078 1907 Fau.

108 2001 253 2046 Corpus
278 2002 397 2033 mediae
430 2000 698 2039 magnitudinis,
732 2000 951 2039 elongatum,
986 2005 1226 2040 angustatum,
1262 2002 1422 2039 nitidum,

150 2076 272 2106 parum
298 2067 502 2106 pubescens,
527 2065 610 2094 setis
635 2065 671 2094 in
697 2064 823 2094 frontis
849 2066 983 2105 postico
1011 2065 1233 2102 thoracisque
1250 2065 1419 2096 lateribus

151 2131 282 2170 paucis,
308 2129 518 2168 scutellique
544 2129 698 2167 margine
722 2127 756 2158 4.
783 2130 893 2168 Caput
910 2128 1285 2167 subhetnisphaericum.
1311 2129 1423 2159 Frons

149 2195 186 2224 in
211 2198 362 2233 utroque
387 2203 474 2223 sexu
499 2193 636 2222 modice
661 2192 743 2228 lata,
770 2193 1030 2230 subangustata,
1059 2201 1127 2220 non
1152 2192 1337 2230 puberula,
1365 2203 1423 2223 an-

150 2258 217 2288 tice
241 2258 335 2288 haud
360 2258 571 2296 prominens.
605 2256 767 2285 Antennae
792 2256 1109 2291 subincumbentes,
1135 2255 1269 2293 breves,
1297 2258 1423 2288 articu-

150 2321 193 2351 tis
219 2321 394 2351 basalibus
421 2320 643 2356 brevissimis,
670 2320 792 2350 ultimo
815 2320 1101 2358 oblongo-ovato,
1127 2328 1339 2359 compresso,
1367 2321 1423 2350 ba-

151 2385 182 2415 si
207 2390 280 2416 seta
306 2385 434 2415 ‹lorsali
462 2384 681 2414 nudiuscula.
714 2384 891 2423 Epistoma
917 2383 1286 2422 subperpendiculare,
1313 2384 1424 2414 modi-

153 2458 194 2478 ce
218 2449 347 2486 latum,
382 2448 659 2489 planiusculum,
701 2449 735 2478 in
761 2448 877 2477 medio
912 2447 1039 2477 leniter
1063 2448 1280 2485 carinatum3
1315 2452 1426 2477 totum

155 2513 306 2550 nudum,
346 2513 435 2543 infra
471 2512 592 2542 oculos
627 2522 696 2542 non
731 2511 967 2548 descendens,
1009 2511 1106 2551 apice
1142 2521 1209 2541 non
1243 2510 1426 2542 reflexum.
