1773 3066
372 116 465 157 135.
497 114 782 169 Anthomyza.
844 119 938 158 136.
970 115 1184 172 Leplopa.
1359 122 1467 161 1⁷93

189 225 488 265 persvasissimum
515 222 590 264 jam
622 226 706 256 mihi
741 231 803 265 est,
843 227 904 257 has
937 228 1020 258 duas
1053 234 1093 259 ut
1125 229 1303 261 distinctas
1341 234 1475 272 species

186 289 381 319 delineatas
406 289 536 319 formas
563 290 605 319 ad
631 299 736 320 unam
760 291 978 329 eandemqvae
996 293 1149 330 speciem
1166 303 1243 324 esse
1259 295 1474 335 referendas,

186 353 236 382 ita
260 363 385 392 nempe
410 357 449 382 ut
481 350 681 384 Cinocltira
708 359 794 385 alra
820 359 994 393 tamquam
1022 357 1175 394 genuina
1209 355 1245 395 ὃς
1276 364 1414 390 matura
1437 360 1474 391 in

184 416 334 447 Familia
358 417 616 447 Muscariarum
642 418 705 447 sub
730 419 874 448 nomine
900 419 1079 457 designato
1106 421 1302 459 retinenda,
1341 420 1377 459 ὃς·
1400 421 1475 456 Λη-

184 478 358 522 lhomyza
382 479 601 522 pingvicnla
628 491 645 510 e
670 490 817 510 numero
844 482 1039 519 specierum
1075 484 1216 513 exclusa
1248 485 1473 517 solummodo

187 548 360 582 tamqnam
383 545 532 574 varietas
553 542 721 583 juvenilis
749 541 908 582 ejusdem
936 543 1144 578 Cinoclcz'roe
1169 552 1263 578 atroe
1288 547 1342 589 (ut
1369 552 1474 581 etiam

187 612 284 638 recte
309 607 490 637 admonuit
515 607 558 637 D.
584 603 794 645 Bolteman)
819 609 863 638 sit
887 609 1057 640 habenda.
1105 611 1179 640 Nec
1205 611 1330 641 desunt
1354 613 1472 644 formae

190 671 406 702 intermediae
432 671 618 700 abdomine
643 671 861 710 pedibusque
885 673 962 712 plus
987 674 1101 703 minus
1133 675 1390 707 rufescentibus
1415 688 1471 708 va-

184 736 326 770 riantes,
348 738 503 763 *testante
527 734 660 763 Eodem
685 732 887 767 Boheman.
943 737 983 766 In
1016 737 1219 768 Smolandia
1251 738 1318 769 lioc
1349 740 1471 780 Dipte-

184 809 249 829 ron
276 808 394 827 rarum
420 807 561 836 quoque
587 803 723 836 captum
750 800 868 837 fuerit,
895 801 930 829 in
955 801 1081 831 Scania
1099 799 1135 838 &J
1152 803 1378 842 ostrogothia
1401 806 1469 844 pri-

183 873 279 892 mum
304 864 497 892 inventum.
547 862 730 893 Individua
758 864 778 892 2
810 865 977 901 mascula,
1011 874 1082 903 quae
1114 876 1207 896 nunc
1238 872 1315 897 ante
1348 869 1471 898 oculos

179 926 292 956 liabeo
319 925 575 963 longitudinem
604 930 734 956 tantum
760 928 776 956 1
805 928 905 958 lineze
931 928 1072 958 liabent.
1122 929 1280 968 Squamae
1306 932 1369 961 sub
1403 932 1468 962 alis

184 989 319 1024 albidae,
344 985 554 1026 majusculae,
583 989 718 1018 valvula
745 992 927 1029 superiore
952 992 1157 1021 inferiorem
1181 993 1237 1022 vix
1262 993 1305 1022 ad
1331 994 1468 1025 dimidi-

180 1063 241 1082 um
274 1057 425 1090 tegente.
484 1052 717 1083 Conferantur
747 1059 913 1093 praeterea
948 1064 1020 1092 quae
1053 1055 1096 1084 de
1127 1055 1196 1085 hoc
1228 1057 1360 1087 insecto
1392 1058 1417 1088 l.
1441 1058 1467 1088 l.

180 1125 210 1145 c.
237 1125 266 1146 c.
294 1115 467 1145 afl'eruntu
473 1124 499 1144 r.

462 1335 571 1380 136.
615 1332 927 1380 LEPTOPA
964 1335 1093 1381 Zett.

135 1442 279 1486 Corpus
304 1443 448 1473 minoris
475 1442 737 1481 magnitudinis.
770 1443 871 1472 valde
896 1448 1092 1481 angustum,
1126 1448 1299 1480 tenerum,
1333 1444 1464 1474 setulo-

175 1518 264 1538 sum.
314 1509 478 1537 Antennae
506 1506 659 1542 deiiexm,
686 1507 818 1543 breves,
845 1507 944 1546 apice
969 1507 1173 1544 rotundatae,
1211 1512 1285 1537 seta
1317 1508 1462 1545 dorsali,

179 1572 350 1610 capillati,
377 1571 548 1607 subnuda,
573 1570 803 1607 biarficulata,
830 1571 978 1600 articulo
1004 1571 1097 1599 ]:1no
1129 1571 1347 1607 brevissimo,
1379 1571 1462 1600 2zdo

174 1636 246 1665 ima
272 1639 406 1664 tantum
432 1635 505 1663 basi
531 1634 800 1663 subincrassato.
849 1634 952 1663 Oculi
977 1635 1186 1670 mediocres,
1213 1634 1367 1672 oblongi,
1399 1644 1461 1664 nu-

176 1699 222 1735 di,
255 1699 292 1727 in
325 1702 476 1735 utroque
511 1707 596 1726 sexu
632 1697 809 1733 distantes,
844 1698 1046 1734 ferruginei,
1078 1696 1293 1725 unicolores.
1349 1697 1460 1726 Frons

172 1772 296 1802 parum
327 1761 539 1799 prominens.
595 1760 774 1799 Epistoma
805 1760 894 1789 infra
935 1760 1056 1789 oculos
1097 1759 1193 1788 haud
1232 1759 1459 1797 descendens,

174 1826 235 1855 sed
261 1825 377 1854 setulae
401 1825 597 1864 mystacinae
629 1824 747 1862 plures
774 1824 817 1853 ad
842 1834 880 1853 os
905 1824 1070 1861 utrinque
1102 1823 1137 1851 in
1169 1823 1325 1852 carinula
1357 1833 1461 1862 parva

175 1890 273 1928 quasi
300 1888 445 1917 ciliatim
469 1888 602 1916 loeatae.
650 1887 807 1916 vibrissae
832 1887 945 1916 nullae.
994 1887 1040 1915 Os
1067 1886 1186 1915 subtus
1212 1887 1255 1916 ad
1282 1896 1384 1924 genas
1409 1887 1460 1926 pi-

172 1952 339 1982 losulum.
387 1952 485 1990 Palpi
510 1951 663 1987 retracti,
690 1951 794 1990 parvi,
829 1951 1013 1989 simplices.
1062 1950 1201 1979 Thorax
1233 1954 1353 1979 sutura
1386 1959 1456 1979 me-

172 2016 229 2045 dia
262 2021 468 2045 transversa.
523 2015 705 2044 Abdomen
741 2018 936 2052 angustum,
975 2013 1230 2050 4-annnlatuu1‚
1271 2013 1457 2051 segmentis

172 2081 328 2118 margine
354 2079 479 2119 apicali
510 2079 701 2118 praesertim
734 2079 775 2108 ad
808 2079 920 2107 latera
952 2087 1054 2116 parce
1087 2077 1264 2107 setulosis.
1312 2077 1383 2106 Alae
1418 2081 1457 2106 ut

170 2144 207 2173 in
231 2141 358 2174 Aricia
385 2140 420 2179 &f
444 2140 693 2184 Antltomyza‚
720 2147 754 2171 at
778 2142 893 2171 nervi:
928 2146 1144 2171 transversus
1170 2141 1367 2170 ordinarius
1393 2151 1450 2179 pa-

167 2208 242 2237 ullo
268 2208 409 2248 propius
435 2207 478 2236 ad
502 2208 694 2245 marginem
718 2206 925 2235 interiorem
957 2206 1017 2234 alae
1048 2209 1231 2241 retractus,
1267 2202 1303 2240 K
1328 2204 1451 2233 auxili-

169 2273 235 2301 aris
259 2282 329 2301 non
355 2271 397 2300 ad
421 2271 577 2300 medium
602 2274 703 2300 costae
730 2274 905 2305 extensus,
932 2269 992 2298 sed
1017 2269 1175 2298 nonnihil
1201 2273 1279 2297 ante
1305 2277 1449 2297 nervum

167 2341 402 2366 transversum
435 2335 590 2364 medium
622 2343 770 2363 cessans.
821 2334 923 2363 Costa
958 2332 1061 2362 nuda.
1111 2332 1267 2369 Squamae
1297 2332 1448 2367 lninutae,

167 2400 322 2429 breviter
346 2400 479 2436 ciliataae,
507 2398 643 2428 valvula
669 2398 850 2436 superiore
875 2396 1079 2425 inferiorem
1097 2400 1247 2433 tegente.
1288 2395 1450 2424 Halteres

167 2464 263 2494 nudi.
311 2463 420 2493 Pedes
447 2467 581 2501 tenues,
607 2462 793 2502 simplices,
819 2470 922 2501 parce
948 2459 1105 2494 setulosi,
1130 2459 1263 2495 munci,
1289 2458 1352 2487 toti
1377 2457 1448 2495 pal-
