1773 3066
604 163 695 202 157.
727 160 882 215 Sepsis.
1324 166 1433 204 2299

51 268 193 320 four,
234 268 275 309 ὥ
318 281 368 308 ex
407 268 521 308 ltalia
563 280 712 308 mai-em
753 280 825 320 per
865 269 908 308 D.
958 267 1176 311 Konewlea
1203 273 1325 311 etiam
1358 272 1429 312 ob-

67 344 204 388 tinui).

111 448 185 486 όᾫ.
235 448 301 479 Per
326 449 601 487 magnitudinem
627 459 787 490 parvam,
812 450 918 489 pedes
944 450 1077 479 anticos
1103 454 1194 480 totos
1220 448 1257 488 ὃς
1281 454 1424 492 posteri-

156 521 236 542 ores
264 521 306 542 ex
331 516 428 551 parte
452 512 578 550 ssavoS,
604 521 668 543 nec
693 522 762 542 non
788 512 1046 552 simplicitatem
1072 514 1127 543 ani
1151 514 1186 543 in
1212 512 1256 552 (ἲ,
1282 516 1323 545 ab
1349 516 1422 546 affi-

158 576 260 606 nibus
286 576 322 605 in
346 576 464 614 primis
489 576 660 606 distincta.
685 575 794 606 Frons
806 576 914 613 nigra.
939 575 1104 605 Antennae
1124 577 1342 616 nigricantes,
1368 580 1424 609 ba-

155 639 186 668 si
211 636 247 675 &
272 638 391 668 subtus
417 638 621 678 plerumque
645 639 871 668 lutescentes.
896 637 1074 677 Epistoma
1098 640 1187 669 insta
1212 642 1334 672 oculos
1352 653 1423 673 non

153 701 384 738 descendens,
409 702 598 733 rusescens.
646 702 783 732 Thorax
808 701 1057 731 subaenescenti
1082 702 1190 740 niger,
1216 712 1319 743 supra
1343 707 1422 736 sub-

152 774 305 804 opacus,
338 765 427 794 insi-a
461 766 611 802 nitidus,
648 768 776 805 puncto
810 763 988 794 ordinario
1023 775 1125 803 supra
1159 775 1264 797 coxas
1289 768 1422 799 medias

151 828 392 858 cinei-ascend.
420 829 601 861 Abdomen
625 829 659 858 in
686 832 834 866 utroque
859 836 946 856 sexu
965 833 1160 867 angustum,
1187 830 1332 868 lineare,
1358 842 1420 862 nu-

154 891 258 928 dum,
292 891 440 921 nitidum
475 902 517 921 ex
549 878 643 921 aeneo
671 889 707 928 ὃς
733 892 888 921 violaceo
915 891 1042 920 leuiter
1065 892 1302 930 resplendens,
1350 895 1422 925 Alae

154 953 374 992 longitudine
400 956 524 985 saltem
557 955 771 991 abdominis,
805 954 959 992 undique
984 941 1285 996 cinereo-hyalinae
1310 955 1424 997 (apice

156 1026 225 1045 non
251 1015 448 1056 fusciores),
474 1019 586 1047 nervis
614 1018 816 1048 transversis
841 1018 1166 1057 subapproximatis,
1191 1019 1424 1058 longitudina·

150 1079 242 1109 libus
267 1080 286 1108 3
315 1077 350 1116 ὃς
374 1079 395 1109 4
419 1091 538 1110 versus
565 1082 697 1120 apicem
722 1082 898 1111 lenissime
923 1083 1222 1120 convergeutibus.
1269 1083 1425 1123 Squama!

155 1143 294 1172 minutae
322 1140 358 1179 &5
382 1144 533 1174 hallei-es
560 1145 647 1175 alba.
696 1145 805 1175 Pedes
832 1153 910 1174 cum
935 1146 1031 1174 coxis
1057 1145 1146 1182 ssavi,
1172 1147 1277 1177 antici
1300 1148 1420 1177 imma-

155 1206 283 1243 culati,
317 1208 461 1246 postici:
496 1208 686 1239 semoribus
712 1220 731 1240 a
754 1210 869 1239 medio
897 1210 939 1239 ad
964 1210 1095 1248 apicem
1123 1206 1158 1245 ὃς·
1184 1210 1276 1239 tibiis
1302 1221 1322 1240 a
1347 1211 1420 1241 basi

107 1290 111 1293 ·
158 1267 195 1306 ὃς
221 1270 296 1300 fere
321 1271 364 1299 ad
389 1272 522 1309 apicem
547 1271 623 1310 plus
649 1273 763 1302 minus
790 1277 944 1302 saturate
971 1272 1147 1302 hrunneis.

183 1369 247 1406 15.
279 1363 320 1406 S.
351 1366 523 1407 lucida:
564 1381 708 1419 parva,
751 1374 833 1408 tota
874 1373 1008 1424 nigra,
1048 1370 1274 1410 halteribus
1303 1370 1421 1416 albis,

63 1441 219 1480 macula
255 1442 449 1492 pectorali
481 1443 663 1493 cinerea3
693 1443 767 1482 alis
797 1444 983 1496 hyalinis‚
1015 1447 1151 1484 nervis
1181 1445 1420 1484 transversis

60 1515 571 1566 subappropinquantibus‚
603 1516 968 1568 longitudiualibus
998 1522 1023 1558 3
1054 1518 1093 1558 ‹50-
1121 1521 1148 1557 4
1177 1523 1317 1557 exacte
1352 1531 1420 1569 pa-

63 1588 235 1628 rallelis.
264 1585 347 1640 ἅῼ.
376 1588 519 1639 (Long.
548 1591 711 1628 circiter
746 1594 765 1629 1
799 1592 900 1638 lim).

109 1694 207 1729 Mas:
230 1698 421 1728 semoribus
447 1699 568 1727 aulicis
602 1700 722 1730 subtus
756 1702 791 1731 in
825 1702 940 1732 medio
968 1701 1152 1731 denticulis
1178 1701 1198 1729 2
1224 1710 1293 1730 non
1316 1701 1419 1739 longe

152 1763 295 1791 remotis
321 1746 420 1791 {valde
453 1763 615 1799 minutis,
648 1764 773 1794 horum
805 1767 919 1795 antico
945 1763 1079 1805 (versus
1106 1765 1238 1803 apicem
1263 1764 1420 1805 semoris)

147 1826 184 1854 in
208 1825 326 1864 primis
354 1825 499 1863 exiguo,
528 1826 618 1855 tibiis
644 1828 765 1857 anticis
791 1829 826 1858 in
850 1829 966 1858 medio
994 1812 1238 1865 tubex-culatis,
1265 1829 1418 1858 abdomi-

149 1899 193 1918 ne
218 1888 488 1929 subcylindrico,
515 1900 580 1919 auo
607 1892 793 1921 rotundato
820 1892 1036 1928 subinflexo3

106 1949 223 1982 Fenus
249 1953 438 1982 semoribus
466 1954 587 1982 anticis
612 1955 733 1983 subtus
760 1956 795 1985 in
821 1956 936 1985 medio
963 1955 1085 1984 setulis
1112 1955 1130 1983 2
1156 1954 1211 1983 l.3
1229 1954 1417 1983 minutissi-

150 2016 226 2052 mis,
253 2016 475 2052 brevissimis,
503 2017 740 2056 tibiis-auticis
768 2030 836 2049 non
862 2019 1110 2056 tuberculatis,
1136 2018 1319 2048 abdomine
1345 2018 1415 2047 lan-

151 2079 305 2116 ceolam,
333 2081 428 2119 apice
454 2082 685 2111 acutiusculo.

175 2177 268 2216 Var.
299 2192 333 2216 a.
362 2177 446 2233 0⁷⁴2.
480 2181 732 2232 longitudine
766 2184 786 2218 l
820 2181 889 2219 lin.

175 2250 294 2303 Staeg.
324 2254 505 2306 Monogr.
534 2254 642 2305 Seps.
673 2267 708 2305 p.
738 2256 801 2293 32.
836 2257 894 2293 11.
930 2267 1010 2293 var.
1039 2267 1074 2293 a.
1107 2250 1190 2304 (ζῼ.

177 2324 270 2364 var.
315 2328 351 2366 b.
395 2325 432 2378 (ζ
476 2328 560 2367 sere
605 2328 731 2380 duplo
781 2331 911 2368 minor
958 2327 1211 2380 longitudine
1254 2328 1417 2366 circiter

62 2397 85 2447 ἦ
118 2396 187 2435 lin.

174 2469 291 2522 Staeg.
325 2471 349 2509 Ι.
380 2485 412 2511 e.
444 2486 525 2512 var.
558 2473 592 2512 b.
624 2472 671 2523 ἆ.

1223 2546 1305 2581 290
