1773 3066
341 184 452 221 2224
848 184 939 221 154.
969 179 1141 234 Teplzrz‘t
1148 185 1194 222 is.

390 289 462 328 (3¹9.
512 289 623 319 Priori
648 289 760 319 affinis
787 287 823 326 ὃς
847 291 946 321 valde
972 291 1114 327 similis,
1140 291 1200 320 sed
1225 291 1357 321 alarum
1381 290 1526 320 maculis
1553 293 1690 323 castali·

435 353 498 381 bus
524 351 627 381 ruscis
653 353 745 382 luna
768 353 917 391 longiori
951 346 1061 392 usque
1087 354 1129 383 ad
1154 363 1296 383 nervum
1320 354 1412 391 long.
1439 355 1548 383 (iztum
1574 359 1691 385 exten-

435 423 490 450 sa,
516 414 595 443 2:da
619 415 728 444 multo
754 416 880 446 latiore
907 414 941 452 ὃς
965 421 1091 456 puncta
1117 417 1136 445 2
1163 415 1242 456 (nee
1265 415 1301 456 1)
1325 417 1454 456 pallida
1478 417 1692 454 includente,

436 476 614 505 fuscedine
640 478 720 513 lata,
748 489 814 517 qua
840 489 962 508 nervus
989 484 1112 508 transv.
1140 478 1335 507 ordinarius
1361 479 1509 515 cingitur
1532 477 1575 508 in'
1595 484 1691 509 utro-

435 549 502 576 que
528 539 647 576 latere,
674 550 737 570 nec
762 542 873 570 solum
898 542 1077 577 interiori⁷
1106 551 1215 577 erosa,
1242 545 1279 569 ut
1306 537 1341 575 ἐς
1365 540 1452 579 stylo
1479 542 1570 570 anali
1595 542 1693 571 femi-

436 612 484 630 nae
507 602 618 631 multo
647 604 821 639 breviore,
847 615 969 643 nempe
993 605 1050 634 vix
1075 604 1291 642 longitudine
1317 606 1573 640 segmentorum
1597 604 1617 632 2
1643 604 1693 632 ul-

439 664 602 693 timorum
644 667 746 695 simul
780 672 992 703 sumturum,
1035 664 1070 702 ἃ·
1103 667 1310 706 plerumque
1344 665 1560 701 rufescente,
1601 666 1698 704 apice

444 731 601 756 truncato
627 728 737 765 nigro,
763 733 961 758 constanter
986 729 1113 758 differt.
1148 730 1257 767 Caput
1282 737 1359 757 cum
1385 727 1541 756 antennis
1569 724 1605 764 ὃς
1627 728 1697 766 pal-

433 790 486 828 pis
511 795 548 818 ut
572 791 608 818 in
632 790 857 828 praecedente.
899 792 1001 820 Oculi
1025 791 1143 829 paullo
1170 791 1336 825 minores,
1363 799 1464 827 quam
1488 789 1524 818 in
1554 786 1595 820 T.
1624 786 1697 831 Hy-

437 850 606 892 oscyami.
655 852 806 888 Thorax,
832 853 1003 882 abdomen
1030 851 1064 889 ὃς
1089 853 1192 892 pedes
1218 857 1257 882 ut
1281 853 1317 881 in
1343 852 1581 882 antecedente.
1630 853 1699 882 Alae

439 915 543 942 etiam
570 919 606 943 ut
630 915 665 943 in
692 915 771 950 ina,
800 917 951 954 exceptis
978 917 1181 953 signaturis,
1209 920 1244 944 ut
1272 925 1381 953 nuper
1405 915 1532 943 dictum
1559 912 1698 953 majori-

441 976 504 1004 bus
527 974 561 1011 &Q
586 979 691 1014 magis
719 979 840 1008 erosis.
882 979 1023 1008 Macula
1049 979 1187 1008 costalis
1213 980 1303 1007 lzma
1330 979 1364 1006 iu
1390 977 1529 1006 fasciam
1554 988 1698 1016 perpen-

438 1039 628 1068 dicularem
663 1050 771 1078 usque
807 1042 849 1069 ad
885 1051 1027 1070 nervum
1062 1041 1182 1078 longit.
1209 1042 1317 1070 &tum
1342 1040 1528 1078 producta,
1563 1040 1700 1070 inferne

442 1103 576 1139 punctis
612 1102 670 1131 4-6
704 1104 845 1132 minutis
871 1104 956 1133 albis
984 1108 1104 1133 ornata
1131 1101 1166 1138 ὃς
1192 1104 1233 1133 ad
1259 1104 1446 1132 terminum
1471 1103 1564 1131 varie
1590 1113 1699 1132 erosa.

438 1164 567 1194 Puncta
592 1165 851 1206 hieroglyphica
877 1167 971 1195 fusca
996 1167 1074 1195 hinc
1100 1167 1180 1195 inde
1207 1175 1322 1205 sparsa
1348 1170 1385 1194 ut
1408 1166 1443 1193 in
1469 1165 1588 1204 priori.
1630 1166 1699 1194 Eti-

446 1237 499 1255 am
527 1228 568 1255 ad
594 1230 766 1257 maculam
799 1231 926 1258 lunam
954 1228 988 1264 ὃς
1014 1231 1108 1259 basin
1134 1230 1267 1258 alarum
1293 1233 1420 1268 puncta
1445 1227 1504 1256 3-4
1529 1227 1702 1257 difformia

442 1289 537 1317 fusca
564 1289 722 1327 (quarum
749 1293 768 1319 2
794 1293 828 1320 in
855 1292 964 1331 costa)
997 1294 1032 1321 in
1065 1293 1170 1321 fundo
1198 1292 1312 1320 albido
1339 1291 1575 1320 observantur.
1624 1291 1701 1321 Ovi-

443 1351 567 1379 ductus
595 1352 619 1388 ῼ
647 1353 720 1381 basi
746 1354 962 1383 latiusculus.

403 1417 486 1450 Obs.
535 1423 613 1451 Var.
641 1434 670 1452 a.
700 1421 734 1459 ὃς
760 1425 790 1453 Ι».
818 1429 854 1452 ut
880 1434 980 1453 ovum
1008 1433 1072 1452 ovo
1111 1424 1309 1460 simillimae,
1343 1427 1461 1462 praeter
1485 1423 1641 1452 colorem
1665 1432 1701 1452 o-

445 1485 603 1513 viductus
631 1486 761 1515 seminae
786 1487 990 1525 plerumque
1016 1488 1051 1515 in
1077 1496 1106 1514 a.
1131 1485 1243 1521 rusus²
1268 1486 1326 1523 qui
1352 1490 1464 1514 tamen
1491 1495 1552 1523 per
1577 1486 1701 1522 gradus

442 1547 478 1575 in
503 1547 754 1585 ruso-piceum,
788 1549 925 1586 piceum
963 1546 997 1583 ἃ·
1024 1549 1160 1577 tandem
1184 1549 1219 1576 in
1245 1548 1275 1575 b.
1303 1547 1437 1583 nigrum
1461 1544 1567 1584 (sorte
1592 1549 1628 1576 in
1652 1558 1702 1577 se—

446 1609 616 1649 nioribus)
650 1611 777 1639 sensim
812 1612 893 1640 abit.
922 1629 958 1632 —
988 1610 1177 1647 Signaturae
1210 1609 1310 1638 fuscae
1342 1610 1377 1638 in
1411 1609 1472 1637 alis
1506 1619 1626 1647 parum
1652 1610 1703 1638 lu-

449 1671 545 1700 dunt.
574 1672 613 1701 In
640 1674 799 1712 exemplo
825 1684 906 1703 vero
932 1673 1101 1708 masculo,
1129 1674 1163 1701 in
1190 1672 1391 1701 Gottlandia
1416 1672 1457 1700 ad
1485 1672 1634 1701 Gothem
1659 1672 1702 1700 17

443 1733 514 1763 Jul.
542 1735 624 1764 1841
654 1746 672 1765 a
697 1747 751 1765 me
778 1741 897 1775 capto,
932 1736 1130 1773 vulgaribus
1166 1735 1238 1764 sere
1264 1735 1368 1773 duplo
1394 1734 1547 1770 minore,
1580 1738 1707 1772 puncta

447 1795 542 1826 fusca
567 1799 602 1826 in
628 1799 722 1828 disco
751 1797 786 1835 ὃ(
810 1801 883 1828 basi
909 1799 968 1828 alze
993 1798 1110 1837 paullo
1138 1798 1312 1826 crebriora
1338 1795 1373 1832 ὃς
1397 1807 1463 1825 una
1488 1806 1565 1825 cum
1591 1806 1705 1825 macu-

449 1860 491 1887 lis
517 1863 702 1891 eostalibus
733 1864 838 1901 magis
865 1862 1048 1899 dilutiora3
1082 1861 1172 1890 sorte
1200 1860 1358 1888 distincta
1391 1859 1541 1897 species,
1578 1859 1637 1887 sed
1665 1868 1707 1888 ex

446 1923 548 1951 unico
586 1925 786 1961 individuo,
821 1927 877 1954 eui
910 1927 952 1954 de
985 1929 1101 1954 cetero
1129 1924 1255 1952 semina
1281 1923 1395 1957 deest,
1429 1930 1550 1950 novam
1576 1921 1706 1958 fingere

451 1994 520 2013 non
563 1987 688 2017 audeo.
743 1985 784 2018 T.
827 1986 1013 2018 Bardanae
1047 1986 1204 2025 proxime
1239 1985 1382 2014 accedit.
1420 2001 1457 2006 —
1492 1983 1626 2013 Marem
1664 1979 1705 2012 Τ.

449 2043 638 2080 Bardance
663 2060 742 2079 cum
767 2052 893 2080 semina
932 2047 975 2081 T.
1005 2046 1225 2090 Hyoscyami
1247 2049 1281 2076 in
1306 2047 1429 2077 Scania
1454 2046 1562 2074 semel
1588 2046 1622 2073 iu
1650 2055 1705 2074 co-

449 2111 530 2146 pula
556 2113 778 2150 deprehendi.
805 2114 880 2142 Hoc
906 2115 1054 2143 affinitas
1079 2113 1201 2141 harum
1226 2109 1419 2148 specierum
1444 2107 1646 2136 affirmatur.
1667 2125 1705 2129 —

452 2172 522 2200 Sub
558 2177 715 2205 nomine:
743 2173 881 2218 '‘Tryp.
917 2174 1075 2218 confusa
1108 2171 1236 2209 Meig.'’
1265 2181 1305 2200 ex
1339 2170 1538 2207 Haffll’ssng
1565 2179 1582 2198 ὃ
1607 2170 1650 2198 D·
1677 2179 1707 2199 V·

455 2233 640 2267 H'inlltem
684 2240 859 2276 specimen
894 2240 1083 2267 femineum
1117 2234 1250 2264 obtinui
1283 2237 1404 2261 nostra}
1445 2228 1486 2262 T.
1522 2229 1708 2263 Bardanae

447 2299 561 2335 quoad
587 2299 753 2337 picturam
780 2301 911 2329 alarum
945 2300 1043 2329 valde
1069 2298 1200 2332 simile,
1235 2296 1295 2324 sed
1322 2294 1559 2332 magnitudine
1586 2293 1706 2323 nonni-

448 2361 497 2389 hil
530 2359 680 2399 majore,
714 2371 858 2400 corpore
892 2361 1194 2395 fluvido-cinereo,
1228 2362 1266 2386 ut
1301 2354 1335 2392 &Q
1367 2357 1530 2385 oviductu
1556 2356 1707 2393 longiori

451 2425 610 2454 subulato
639 2429 709 2453 toto
736 2425 812 2453 ruso
848 2425 1005 2463 specifice
1040 2423 1203 2452 recedere
1230 2420 1374 2449 videtur.
1405 2437 1440 2441 -
1469 2419 1621 2447 Tandem
1648 2429 1707 2447 nu-

452 2489 602 2525 perrime
643 2489 758 2526 accepi
798 2489 860 2516 sub
899 2488 1055 2516 nomine:
1093 2481 1158 2514 ”Τ.
1196 2480 1397 2514 Bard‹111ae'⁷
1434 2481 1502 2510 (luo
1538 2481 1707 2520 exempl&
