1773 3066
312 164 422 204 2094
521 195 526 199 a
817 156 909 192 148.
942 152 1177 205 Sciomyza.

413 272 562 301 obscure
588 268 744 298 brunneo
770 266 794 296 l.
820 265 1022 305 nigricante,
1048 263 1233 294 abdomine
1257 264 1330 293 basi
1355 273 1458 303 supra
1493 262 1616 293 saltem
1639 262 1689 291 la-

411 334 544 364 teribus
571 318 783 370 ferrugineo,
809 329 1065 368 segmentisque
1089 327 1302 357 ventralibus
1320 327 1428 357 tribus
1446 327 1564 367 primis
1581 325 1690 362 ssavis,

412 397 476 427 alis
501 395 620 436 paullo
646 394 863 432 longioribus
891 389 926 428 ὃς
949 391 1144 427 latioribus,
1170 390 1488 431 cinereo-liyalinis‚
1513 399 1576 420 nec
1600 388 1688 418 leni-

415 465 469 490 ter
503 458 665 495 suscanis,
701 454 736 492 ὃς·
770 455 920 495 (lenique
959 455 1086 494 pedum
1128 455 1322 483 anticorum
1361 454 1549 484 femoribus
1592 452 1691 491 apice

411 523 531 563 paullo
559 521 737 559 angustius
764 520 860 556 atris,
886 519 978 548 tibiis
1006 518 1175 555 tarsisque
1202 514 1359 555 ejusdem
1385 517 1478 556 paris
1504 515 1690 545 subcrassi-

414 587 545 623 oribus,
570 586 696 616 horum
721 584 869 614 articulo
896 582 1020 612 ultimo
1042 581 1132 617 albo,
1151 584 1351 611 constanter
1368 580 1497 609 differt.
1518 596 1557 602 --
1576 578 1694 608 Variat

416 649 627 693 epistomatis
662 658 743 678 area
774 647 890 677 media
923 646 1031 683 nigra,
1064 643 1185 681 nitida,
1220 641 1256 681 Κ
1287 644 1355 673 liaec
1390 643 1464 673 sine
1497 641 1604 671 dubio
1638 644 1689 670 est

413 712 570 750 Meigeni
597 708 715 742 Sciom
755 707 942 751 nigriman
950 717 982 739 a.

379 783 462 817 obs.
492 786 576 815 Cum
607 780 796 824 Opomyza
824 779 1002 812 discincta
1027 780 1130 816 infra,
1157 788 1228 816 quae
1259 778 1295 807 in
1328 776 1531 808 Gottlantlia
1556 785 1695 814 quoque

419 848 583 884 occurrit,
609 857 678 876 non
703 844 971 875 commiscenda.
1021 842 1252 873 Conferantur
1282 845 1450 881 praeterea
1482 850 1552 879 quae
1576 841 1612 870 in
1636 839 1695 869 ob-

423 911 618 941 servatione
645 910 706 939 sub
732 909 848 949 specie
874 907 1102 937 antecedente
1127 906 1304 935 (licuntur.

440 1048 477 1084 4.
537 1043 583 1084 S.
614 1043 919 1097 dryomyze'na:
957 1044 1203 1096 serrugInea,
1233 1041 1373 1087 nitida,
1403 1041 1534 1092 capite
1578 1039 1694 1090 pedi-

327 1121 482 1171 busque
514 1119 650 1167 ilavis3
682 1121 865 1158 antennis
886 1118 1026 1164 fulvis3
1057 1118 1294 1167 epistornate
1310 1115 1423 1166 apice
1440 1112 1694 1160 subressex03

325 1194 500 1232 thoracis
533 1195 629 1231 vitta
663 1191 813 1231 dou-sali
846 1192 989 1239 media,
1020 1190 1244 1229 abdominis
1265 1189 1432 1239 postico,
1465 1186 1695 1238 pedumque

323 1267 551 1305 anticorum
585 1265 808 1304 femoribus
838 1267 968 1316 apice,
1000 1264 1107 1303 tibiis
1139 1264 1336 1313 tarsisque
1372 1262 1478 1306 totis,
1496 1262 1696 1312 nigrican-

326 1339 452 1386 tibus3
483 1337 559 1377 alis
588 1338 960 1390 cinereo-hyaliniS,
991 1336 1270 1375 immaculatis.
1299 1332 1348 1386 ἆ.
1379 1334 1520 1384 (Long.
1546 1335 1571 1370 2
1594 1333 1695 1378 lin.).

441 1430 543 1470 Hab.
575 1432 612 1469 in
644 1429 783 1469 Scania
816 1431 1039 1477 rarissime3
1070 1431 1108 1468 in
1140 1426 1292 1480 pulude
1322 1426 1371 1465 ad
1401 1425 1514 1465 Lund
1543 1426 1597 1463 20
1614 1423 1694 1462 Jul.

323 1506 526 1556 specimen
558 1506 721 1545 unicum
752 1505 902 1542 inveni.
1113 1487 1117 1491 ¹

372 1595 415 1629 (ἲ.
442 1597 573 1627 Similis
600 1593 634 1626 S.
663 1595 917 1627 albo-costatae
943 1592 1005 1634 (9),
1031 1593 1091 1622 sed
1117 1591 1330 1630 epistomatis
1367 1593 1539 1619 structura
1565 1586 1601 1625 ὃς
1626 1588 1692 1617 alis

416 1670 485 1689 non
518 1660 618 1698 pictis
650 1668 732 1688 mox
766 1659 919 1697 (lignota.
974 1657 1041 1685 Per
1073 1654 1286 1694 epistomatis
1318 1653 1508 1691 marginem
1542 1652 1694 1681 anticum

420 1722 654 1752 subressexnin
682 1719 898 1763 Dryomyzae
922 1719 1110 1759 praesertim
1136 1714 1331 1758 decrepitae
1359 1713 1395 1752 ἐς
1418 1712 1527 1746 senili
1547 1713 1692 1752 accedit,

419 1786 479 1816 sed
505 1795 567 1824 per
592 1789 817 1814 antennarum
844 1783 1030 1813 articulum
1054 1782 1216 1810 ultimum
1249 1784 1388 1809 ovatum
1421 1777 1501 1819 (nec
1534 1778 1693 1808 suliorbi·

417 1850 587 1885 culmem,
605 1858 668 1877 nec
687 1852 806 1877 exacte
827 1844 988 1886 evalem),
1009 1842 1044 1881 ὃς
1063 1854 1203 1874 nervum
1222 1843 1428 1872 auxiliarem
1445 1842 1562 1881 paullo
1583 1841 1693 1870 brevi-

421 1923 530 1949 orem,
555 1920 620 1942 nec
645 1912 687 1941 ad
712 1911 864 1940 medium
890 1914 991 1940 costae
1018 1914 1210 1944 extensum,
1237 1903 1434 1946 Sciomyzae
1461 1905 1577 1943 generi
1603 1905 1694 1933 sorte

419 1977 528 2014 inagis
562 1977 867 2015 appropinquatur.
924 1974 1033 2011 Caput
1066 1976 1177 2001 totum
1216 1970 1346 2009 pallide
1385 1969 1522 2004 ssavum,
1564 1968 1691 1997 nitens.

417 2040 527 2068 Frons
553 2039 690 2068 modice
714 2039 795 2075 lata,
820 2041 941 2076 praeter
966 2041 1057 2066 setas
1083 2034 1275 2064 ordinarias
1301 2033 1404 2062 nuda.
1454 2031 1580 2062 Orbitae
1611 2040 1693 2060 ocu-

420 2102 536 2131 lorum
569 2103 604 2131 in
636 2103 766 2131 vertice
802 2099 837 2137 ὃς
875 2105 1041 2140 punctum
1081 2099 1274 2128 ocellorum
1314 2097 1471 2125 obscura.
1528 2095 1716 2123 Antennaer

424 2165 666 2202 subporrectae,
708 2170 780 2195 seta
813 2165 976 2194 distincte
1017 2163 1181 2202 plumata,
1223 2161 1329 2190 fusca.
1385 2159 1564 2198 Epistoma
1604 2158 1694 2187 insta

416 2226 538 2256 oculos
565 2228 682 2265 paullo
718 2228 942 2263 descendens,
975 2226 1178 2266 peristomio
1212 2229 1262 2254 sat
1295 2223 1420 2262 amplo.
1475 2221 1572 2260 Palpi
1602 2220 1692 2250 ssavi.

420 2291 601 2320 Proboscis
636 2294 798 2318 testacea.
855 2290 1019 2318 Thoracis
1052 2289 1135 2317 vitta
1168 2287 1313 2317 ‹lox-salis
1346 2285 1461 2315 media
1493 2285 1641 2313 obscura
1675 2294 1693 2313 a

416 2355 525 2394 capite
551 2362 660 2391 usque
686 2353 757 2382 sere
782 2352 824 2381 ad
849 2351 1032 2381 scutellum
1053 2344 1218 2380 extensa.v
1246 2349 1425 2378 Alulomen
1446 2348 1692 2376 brunnescenti

417 2419 563 2456 nigrum,
589 2415 773 2454 segmentis
800 2416 817 2444 1
848 2412 883 2451 ἃ·
907 2415 927 2443 2
959 2414 1132 2443 basalibus
1165 2413 1330 2442 lateribus
1363 2411 1434 2441 late
1468 2412 1688 2450 ferrugineis.

416 2482 558 2512 Alarum
583 2480 678 2510 nervi
705 2484 741 2509 ut
767 2479 801 2508 in
829 2476 863 2510 S.
891 2475 1052 2519 simplici
1073 2475 1123 2516 (1)
1160 2476 1294 2508 directi.
1344 2476 1572 2505 Transversus
1607 2484 1688 2504 vero
